2940 5040
407 320 542 377 DANTIS
560 316 779 403 MCNA'RCHIA
796 321 828 375 11.
848 322 877 377 C.
900 325 938 376 13.
957 326 1019 390 111.)
1234 321 1275 384 83

152 493 216 560 nisi
238 492 280 558 ab
304 494 464 561 ordinario
482 493 591 578 judice
613 515 718 579 poena
740 492 859 560 inflicta
886 493 943 576 sit,
972 494 1094 579 punitio
1123 515 1186 561 non
1215 500 1273 580 est,

153 595 210 663 sed
237 596 345 680 potius
373 596 491 680 injuria
518 601 566 661 est
597 595 741 662 dicenda.
793 593 885 662 Unde
915 595 1042 662 dicebat
1070 596 1126 662 ille
1154 597 1274 682 Moysi:

153 698 253 782 „Quis
276 704 308 764 te
331 696 494 765 constituit
511 696 654 781 judicem
678 717 773 781 super
793 695 896 762 noser
1293 717 1328 768 25

240 799 275 866 Si
298 819 373 883 ergo
396 799 455 864 sub
478 799 637 865 ordinario
656 797 766 883 judice
782 797 925 863 Christus
947 817 1062 883 passus
1076 820 1140 866 non
1153 799 1274 884 fuisset,

153 901 211 966 illa
233 921 338 986 poena
360 900 483 984 punitio
504 921 568 966 non
590 901 715 966 fuisset:
745 906 777 988 et
794 898 898 983 judex
920 899 1096 967 ordinarius
1119 921 1190 968 esse
1212 922 1276 968 non

152 1009 293 1088 poterat,
323 1002 385 1067 nisi
414 1021 510 1086 supra
544 1006 646 1068 totum
681 1002 853 1066 humanum
887 1020 987 1083 genus
1018 1002 1275 1086 jurisdictionem

153 1105 293 1176 habens,
325 1123 421 1185 quum
455 1109 556 1169 totum
578 1105 750 1169 humanum
772 1123 872 1186 genus
901 1104 934 1167 in
963 1124 1056 1170 came
1078 1104 1135 1169 illa
1157 1103 1276 1169 Christi

151 1207 308 1291 portantis
331 1205 458 1271 dolores
480 1209 605 1271 nostros
629 1203 677 1289 (ut
703 1205 749 1269 ait
771 1203 1013 1291 Propheta),
1043 1205 1096 1271 vel
1118 1203 1272 1270 sustinen-
1291 1228 1324 1279 30

152 1308 209 1391 tis,
237 1306 409 1392 puniretur.
460 1306 502 1370 Et
531 1326 627 1391 supra
660 1312 761 1372 totum
791 1305 962 1370 humanum
995 1325 1094 1388 genus
1126 1305 1272 1372 Tiberius

153 1409 289 1492 Caesar,
320 1409 410 1492 cujus
440 1407 577 1474 vicarius
606 1412 675 1474 erat
696 1407 835 1490 Pilatus,
860 1406 1115 1490 jurisdictionem
1132 1428 1195 1474 non
1216 1407 1271 1472 ha-

153 1510 291 1593 buisset,
312 1510 374 1575 nisi
396 1511 576 1575 Romanum
598 1509 770 1594 Imperium
792 1508 833 1574 de
852 1508 923 1591 jure
953 1508 1075 1575 fuisset.
1120 1507 1202 1573 Hinc
1223 1512 1273 1573 est

153 1609 240 1694 quod
250 1610 407 1694 Herodes,
424 1612 570 1692 quamvis
584 1612 733 1693 ignorans
749 1609 826 1691 quid
840 1610 967 1694 faceret,
979 1610 1061 1676 sicut
1076 1615 1108 1676 ct
1123 1608 1273 1694 Caiphae

152 1732 249 1796 quum
270 1732 381 1777 verum
405 1712 486 1778 dixit
506 1711 546 1779 de
570 1712 701 1778 coelesti
724 1711 861 1795 decreto,
879 1711 1037 1778 Christum
1051 1712 1157 1779 Pilato
1179 1710 1270 1775 remi·
1291 1737 1322 1788 35

151 1814 193 1880 sit
215 1813 258 1879 ad
276 1813 501 1898 judicandum,
524 1815 704 1880 utLucas
725 1812 758 1878 in
772 1813 950 1895 Evangelio
973 1833 1029 1880 suo
1052 1812 1159 1878 tradit.
1196 1812 1274 1877 Erat

152 1915 236 1982 enim
259 1914 403 1982 Herodes
425 1935 488 1981 non
518 1916 620 1982 vicem
642 1915 764 1982 Tiberii
793 1933 907 1996 gerens
930 1906 992 1980 sub¹
1018 1915 1108 1997 signo
1134 1915 1272 1997 aquilae,

150 2018 205 2084 vel
235 2017 294 2082 sub
325 2017 416 2098 signo
446 2017 595 2104 Senatum
625 2018 684 2086 sed
711 2038 784 2098 rex,
806 2036 903 2099 regno
934 2015 1087 2098 singulari
1109 2015 1272 2082 ordinatus

150 2119 192 2183 ab
217 2139 272 2203 eo,
295 2124 328 2185 et
349 2119 408 2184 sub
431 2118 521 2200 signo
543 2117 633 2200 regni
655 2117 717 2183 sibi
740 2117 899 2184 commissi
921 2118 1107 2200 gubernans.

235 2219 393 2285 Desinant
413 2220 510 2303 igitur
530 2218 698 2303 imperium
721 2220 913 2304 exprobrare
935 2220 1129 2302 Romanum,
1159 2218 1215 2301 qui
1236 2238 1271 2286 se
1288 2245 1321 2296 to

149 2321 234 2388 filios
250 2320 414 2388 Ecclesiae
429 2320 564 2404 fingunt3
589 2340 685 2403 quum
699 2319 830 2388 videant
845 2340 996 2406 sponsum
1015 2319 1176 2386 Christum
1189 2318 1271 2384 illud

153 2424 199 2490 sic
222 2424 255 2488 in
277 2428 411 2505 utroque
440 2422 574 2488 termino
604 2440 680 2488 suae
708 2422 842 2487 militiae
866 2421 1098 2506 comprobasse.
1142 2421 1272 2506 sejam

150 2523 345 2592 sufficienter
366 2524 567 2589 manifestum
591 2542 661 2588 esse
676 2523 820 2608 arbitror,
843 2524 1021 2590 Romanum
1041 2523 1194 2607 populum
1209 2523 1271 2588 sibi

151 2624 191 2692 de
211 2626 286 2710 jure
308 2626 393 2693 orbis
415 2625 587 2710 Imperium
608 2624 792 2693 adscivisse.

236 2727 263 2794 C
292 2727 418 2794 felicem
440 2729 610 2812 populum,
645 2748 663 2793 o
685 2726 861 2794 Ausoniam
888 2732 921 2794 te
950 2727 1139 2810 gloriosam,
1168 2726 1196 2793 si
1217 2729 1320 2806 66145

149 2848 323 2912 numquam
350 2827 525 2894 infirmator
547 2830 604 2896 ille
625 2828 751 2913 imperii
772 2828 820 2894 tui
842 2834 935 2894 natus
957 2828 1083 2911 fuisset,
1108 2829 1159 2895 vel
1181 2848 1269 2895 num-

150 2950 246 3013 quam
269 2950 326 2996 sua
347 2932 402 3016 pia
424 2930 557 2996 intentio
579 2930 684 3014 ipsum
706 2929 887 2999 fefellisset!

176 3099 199 3133 ²⁶
216 3098 249 3152 A.
268 3098 301 3152 F.
320 3098 351 3151 L.
370 3097 457 3152 1111).
477 3097 657 3152 666611161116
803 3097 959 3169 alariarum,
985 3102 1025 3151 ter
1041 3097 1190 3167 qtoriosam
1206 3112 1269 3166 pro·

175 3183 199 3218 11
216 3183 248 3237 F.
264 3182 485 3253 jurisdictionem
502 3198 557 3237 666
576 3181 686 3237 dederet
803 3181 937 3251 ponentis,
955 3181 1073 3249 probare
1089 3197 1202 3251 nequeo.

235 3267 267 3322 F.
285 3267 321 3321 H.
337 3266 370 3320 1..
386 3266 424 3320 Μ.
442 3266 474 3320 V.
492 3283 579 3337 66666
603 3282 686 3322 carna
764 3267 787 3298 ¹¹⁷
804 3264 945 3320 Palatinus
963 3264 1056 3335 adjicit
1072 3267 1100 3320 in
1123 3266 1177 3322 fine
1194 3268 1269 3323 Barr-

218 3352 265 3407 illa
283 3384 316 3392 —
328 3352 358 3405 P.
378 3367 466 3424 aanor
483 3368 592 3407 caraem
610 3351 684 3406 illam
805 3352 840 3404 tr's
865 3348 1020 3421 Aldr'qderr‘r'
1049 3352 1188 3422 florentini
1210 3353 1270 3410 Mo·

176 3439 200 3472 ³⁰
217 3437 249 3492 F.
267 3438 298 3491 P.
316 3437 486 3508 deportantes
805 3434 1269 3510 aarcdieseauadusliderexplicit.

176 3524 200 3557 11
216 3522 301 3576 Editt.
320 3537 369 3575 roo
389 3520 538 3591 anrrqetr'o
803 3521 898 3591 1661611
916 3519 1193 3578 Tertius-Venetus
1211 3522 1270 3579 Ea-

233 3607 266 3662 F.
284 3607 316 3662 V.
336 3606 455 3661 tradidit.
468 3635 501 3645 -
519 3605 573 3660 Pro
591 3606 683 3662 tradit.
797 3604 879 3676 611611
897 3604 964 3659 liber
984 3607 1124 3661 secundus.
1168 3606 1272 3679 1661611

218 3690 289 3746 Erat
297 3691 328 3744 L.
338 3690 376 3744 M.
386 3690 513 3745 exhibent
532 3689 683 3744 tradiderat
804 3688 871 3744 tiber
889 3691 982 3744 tertias
1000 3689 1090 3745 -lta
1107 3697 1134 3745 et
1151 3691 1268 3746 Falinis·

216 3806 251 3816 -
268 3777 302 3832 A.
320 3791 383 3830 vero
403 3775 573 3829 tradiderunt
803 3790 864 3838 nus,
881 3773 933 3829 nisi
949 3774 1021 3843 quod
1037 3775 1183 3830 secundum
1201 3776 1268 3832 liber

163 3860 483 3930 ,1111166166616666
803 3858 909 3914 omittat
933 3889 968 3898 -
990 3859 1185 3915 Ambrosianus
1208 3859 1268 3916 Ea·

174 3947 199 3979 ⁴⁵
215 3944 341 4017 Dionysii
359 3943 578 4007 emendationem,
587 3957 637 4011 pro
656 3947 681 3998 16
799 3943 882 4015 plr'cr't
897 3944 1017 3999 secunda
1035 3948 1158 4014 quaestio
1175 3954 1225 4000 etc.

216 4097 528 4152 ²⁵Exodus2.r.tt.
598 4095 883 4151 ³⁰Insl1ns53.v.t.
954 4098 976 4130 11
993 4097 1101 4152 Evina.
1120 4097 1267 4154 Lacmss.

146 4185 170 4222 v.
193 4171 232 4221 11.
309 4167 332 4200 11
351 4164 543 4220 Constantinus
560 4164 684 4233 Magnus.

1080 4320 1123 4372 6*
