2940 5040
361 345 495 401 DANTIS
513 344 733 401 MONARCHIA
750 344 797 399 111.
817 343 845 399 (l.
864 350 889 400 3.
1138 340 1178 402 95

58 522 93 588 in
116 521 255 589 coelum:
278 519 381 604 „Ecce
403 537 463 600 ego
485 518 650 585 vobiscum
672 539 741 585 sum
764 517 909 585 omnibus
932 516 1056 600 diebus,
1078 536 1179 600 usque

59 622 103 691 ad
126 622 426 690 consummationem
450 620 598 705 saeculi“,
621 626 656 686 ut
669 620 900 687 Matthaeus
921 624 1062 686 testatur.
1102 617 1180 684 Sunt

60 726 158 794 etiam
191 725 422 809 scripturae
450 723 681 806 Doctorum,
717 722 935 806 Augustini
970 726 1002 788 et
1034 720 1177 804 aliorum,

60 848 184 912 quasa
213 826 333 912 Spiritu
363 827 479 893 Sancto
507 824 635 910 adjutos
665 826 718 907 qui
748 823 887 908 dubitat,
923 824 1041 890 fractus
1071 843 1179 890 eorum
1197 839 1229 888 oo

60 931 111 998 vel
135 929 262 997 omnino
284 949 347 994 non
369 927 465 1011 vidit,
488 929 540 994 vel
564 927 591 993 si
613 926 709 1009 vidit,
732 926 860 992 minime
883 925 1074 1009 degustavit.

147 1034 245 1098 Post
259 1030 490 1097 Ecclesiam
504 1049 580 1096 vero
596 1034 668 1094 sunt
690 1028 951 1110 traditiones,
968 1045 1048 1109 quas
1063 1026 1178 1092 Decre-

60 1136 143 1201 tales
166 1133 289 1199 dicunt:
321 1153 403 1215 quae
433 1130 562 1214 quidem
595 1131 655 1196 etsi
684 1130 872 1197 auctoritate
894 1129 1080 1214 Apostolica
1108 1132 1180 1192 sunt

60 1235 280 1318 venerandae,
313 1232 544 1301 fundamentali
579 1239 687 1299 tamen
725 1233 916 1317 Scripturas.
942 1227 1180 1316 postponendas

59 1358 131 1405 esse
154 1337 363 1403 dubitandum
385 1356 449 1402 non
471 1341 532 1418 est;
562 1354 658 1417 quum
682 1335 826 1401 Christus
855 1333 1045 1400 Sacerdotes
1074 1330 1178 1415 objur·
1199 1350 1229 1405 aa

59 1440 186 1524 gaverit
214 1438 254 1506 de
289 1438 454 1505 contrario.
499 1438 603 1517 Quum
638 1437 721 1503 enim
756 1437 1020 1518 interrogassent,
1054 1433 1180 1517 „Quare

61 1541 211 1624 discipuli
239 1541 286 1607 tui
313 1540 516 1608 traditionem
539 1539 698 1605 seniorum
726 1533 1043 1620 transgrediamur
1067 1533 1179 1618 (negli-

60 1644 180 1726 gebant
196 1642 281 1709 enim
296 1663 446 1708 manuum
466 1640 649 1726 lotionem),
673 1639 817 1707 Christus
840 1639 886 1707 eis
907 1637 1112 1705 Matthaeo
1135 1641 1179 1701 te-

60 1750 174 1829 stante,
186 1744 365 1830 respondit:
380 1745 505 1828 „Quare
519 1748 551 1810 et
565 1762 623 1809 vos
638 1742 894 1824 transgredimini
908 1740 1094 1806 mandatum
1108 1737 1180 1819 Dei,

60 1851 192 1932 propter
220 1846 423 1913 traditionem
452 1844 636 1912 vestram?“
680 1846 717 1910 In
745 1862 808 1925 quo
837 1843 916 1908 satis
944 1842 1060 1923 innuit,
1082 1838 1179 1904 tradi·
1199 1860 1231 1913 το

58 1948 179 2016 tionem
199 1948 463 2034 postponendam.

146 2051 240 2130 Quod
267 2051 294 2115 si
322 2049 509 2117 traditiones
530 2048 695 2117 Ecclesiae
729 2053 803 2133 post
830 2047 1008 2113 Ecclesiam
1036 2051 1122 2128 sunt,
1147 2048 1183 2109 ut

61 2151 257 2219 declaratum
280 2158 344 2236 est;
374 2172 506 2220 necesse
529 2159 591 2234 est,
622 2157 656 2218 ut
685 2172 749 2217 non
770 2148 935 2215 Ecclesiae
963 2169 984 2212 a
1004 2145 1180 2213 traditioni-

60 2254 136 2338 bus,
160 2254 219 2320 sed
241 2255 282 2320 ab
304 2253 450 2321 Ecclesia
472 2253 696 2321 traditionibus
714 2251 847 2318 accedat
869 2251 1050 2332 auctoritas
1074 2248 1180 2332 hique,

88 2423 110 2455 ⁶⁷
128 2421 197 2476 Edd.
224 2427 252 2476 et
280 2422 312 2475 A.
337 2422 368 2475 F.
393 2423 425 2476 L.
448 2421 477 2475 P.
505 2422 536 2476 V.
568 2424 596 2476 in
716 2419 807 2474 baisse
830 2418 942 2473 videtur.
969 2448 1003 2456 -
1033 2416 1182 2470 Nobiscum

130 2507 254 2562 omnibus
279 2507 374 2562 diebus
397 2538 431 2545 —
455 2508 497 2573 in,
525 2507 597 2577 quod
715 2505 820 2560 faciunt
837 2509 867 2557 F.
886 2502 917 2556 P.
935 2501 967 2556 V.
987 2507 1013 2556 et
1030 2500 1090 2556 edd.
1109 2505 1163 2554 ant.

129 2591 207 2645 abest
229 2606 247 2644 a
269 2607 347 2646 sacro
372 2598 460 2658 textu,
484 2608 544 2647 cum
561 2593 596 2647 H.
675 2591 697 2625 ⁶³
714 2591 752 2645 M.
769 2590 791 2643 P
809 2592 838 2644 et
854 2588 913 2643 edd.
937 2592 1049 2642 recentt.
1075 2591 1182 2658 aposto·

129 2676 167 2730 M.
204 2677 380 2731 omittendum
415 2692 475 2733 esse
510 2678 595 2733 credi-
716 2676 769 2731 lica
788 2675 843 2729 sint

129 2761 224 2816 dimus.
675 2761 697 2794 77
714 2760 744 2814 P.
763 2759 894 2814 verendae
910 2788 944 2796 -
962 2758 994 2811 F.
1012 2756 1130 2811 verenda
1148 2787 1181 2796 -

88 2846 111 2880 ⁵⁸
128 2847 167 2900 M.
177 2853 207 2901 at
224 2847 434 2916 manifestat—
449 2845 524 2899 H.at
540 2862 596 2900 ma·
714 2844 741 2898 H
767 2843 883 2898 utendae

129 2931 278 3001 nisertatar
674 2930 697 2963 ⁶⁸
715 2930 746 2983 F.
767 2932 981 2999 interropassent
997 2926 1099 2981 Jadaei

89 3015 113 3050 ⁶⁹
129 3014 201 3070 Sient
230 3017 311 3071 etiarn
344 3015 499 3085 scripsimus
536 3031 597 3069 curn
673 3015 696 3048 77
713 3016 747 3068 A.
766 3015 800 3069 H.
819 3013 979 3068 traditiones

128 3100 162 3153 A.
187 3100 219 3154 H.
245 3100 283 3154 M.
301 3101 331 3155 Ρ.
349 3100 381 3155 V.
408 3130 442 3140 -
466 3100 498 3153 F.
526 3098 598 3154 Sarat
674 3101 705 3166 ⁶⁸,
725 3100 748 3134 ⁶⁹
767 3100 797 3154 F.
816 3097 956 3154 Malthace
974 3098 1115 3171 respondit

130 3186 200 3239 enirn
218 3215 252 3225 -
268 3186 301 3240 1..
320 3191 346 3239 et
364 3186 422 3241 edd.
441 3184 513 3240 Sunt
531 3191 558 3240 et
674 3186 697 3219 ⁰⁰
714 3186 748 3239 V.
766 3184 857 3250 Quae
873 3199 921 3245 aas

675 3272 698 3304 ⁷⁰
715 3270 746 3324 F.
766 3269 801 3325 In
825 3285 880 3340 qao
904 3270 993 3324 innuit
1014 3271 1082 3323 satis
1099 3298 1133 3307 -
1150 3267 1180 3321 P.

715 3354 786 3409 Inde
804 3355 893 3407 inanit

675 3440 698 3473 ⁷³
715 3440 748 3493 A.
766 3436 799 3493 V.
818 3437 958 3494 Ecclesiae
982 3437 1181 3504 traditionibus,

714 3524 847 3581 omissoa

146 3269 177 3324 F.
188 3272 343 3344 scripturae
351 3277 508 3326 sanctornm
517 3271 594 3327 licet.

128 3383 163 3394 -
179 3355 212 3409 A.
231 3355 330 3410 omittit
348 3356 488 3411 doctorarn

145 3439 178 3493 H.
196 3441 350 3512 Acpastini,
371 3441 497 3512 Greqorii
512 3471 546 3479 -
563 3440 594 3494 1..

129 3526 198 3597 Ana.
220 3524 393 3598 Hyeronpnri

87 3608 111 3643 ⁶⁰
128 3611 161 3666 A.
185 3608 219 3664 H.
244 3610 275 3664 L.
301 3610 338 3664 M.
363 3617 390 3665 et
415 3608 474 3665 edd.
493 3613 594 3666 recent.

128 3697 198 3751 male
215 3698 277 3767 qais
294 3695 407 3761 dabitat,
429 3711 498 3765 quae
515 3695 595 3750 lectio

128 3784 160 3835 ut
182 3786 275 3851 posset
292 3780 415 3850 probari,
441 3784 505 3849 post
521 3779 597 3835 dabi-

130 3869 170 3920 tat
197 3881 257 3920 cum
284 3866 344 3920 cod.
368 3866 402 3920 H.
425 3865 597 3920 inserendum

130 3957 201 4006 esset
224 3951 279 4005 nisi
302 3951 350 4020 qai
375 3966 435 4005 cum
454 3949 529 4018 signo
555 3949 596 4004 in·

128 4034 318 4104 terrogationis
348 4040 410 4103 post
433 4035 596 4106 deportarit,

129 4138 209 4193 quam
239 4118 382 4175 lectionem
407 4118 517 4174 FicInus
547 4119 595 4172 ha·

130 4259 153 4291 ⁵⁸
170 4258 279 4312 Evnuo.
299 4256 413 4309 Maron.
433 4255 462 4310 C.
474 4253 598 4308 XXVIII.
616 4271 640 4309 v.
661 4257 700 4308 io.

674 3611 696 3644 77
714 3610 815 3665 Fratic.
846 3615 873 3662 et
896 3608 1010 3665 Turrino
1040 3607 1182 3664 manifesto

716 3695 780 3751 vitio
799 3699 826 3749 et
844 3700 938 3750 contra
948 3694 1070 3751 codicum
1088 3700 1181 3749 aucto·

715 3782 824 3836 ritatem
843 3779 1018 3834 traditionum
1036 3778 1149 3834 accedat

733 3866 765 3920 F.
784 3865 940 3920 auctoritas.
974 3864 1027 3920 Hii
1043 3866 1132 3935 qai-
1147 3864 1181 3918 A.

716 3955 787 4004 auct.
805 3949 911 4020 diisque
925 3981 959 3988 —
975 3948 1045 4002 Edd.
1065 3949 1182 4003 anctori-

716 4040 766 4089 tas.
801 4033 901 4106 Itaque
918 4065 950 4074 -
974 4034 1123 4089 Nobiscum
1140 4031 1181 4088 ta·

717 4118 791 4173 ciunt
808 4118 841 4173 H.
860 4120 892 4173 1..
911 4120 948 4173 M.
966 4118 997 4173 P.
1016 4120 1050 4173 V.

767 4255 790 4288 ⁰⁸
808 4255 939 4311 Ibidem
957 4255 987 4311 C.
1006 4255 1064 4311 XV.
1083 4273 1107 4313 v.
1121 4259 1144 4310 2.
1157 4260 1181 4310 3.
