2940 5040
199 321 238 382 64
474 319 609 375 DANTIS
626 318 850 375 MONARCHIA
867 319 902 372 II.
921 317 949 374 O.
968 324 992 372 ἵ.
1013 323 1036 373 8.

401 490 545 545 Excudent
563 490 609 543 alii
627 489 759 559 spirantia
777 490 884 544 mollius
901 504 978 556 cera,

401 575 486 631 Credo
505 576 638 644 equidem3
657 575 728 630 vivos
746 574 845 630 ducent
862 575 895 629 de
912 587 1044 629 marmore
1061 573 1168 637 vultus,

400 661 524 716 Orabunt
542 675 639 715 causas
658 661 767 724 melius,
786 660 907 729 coelique
925 661 1029 714 meatus

399 745 563 799 Describent
580 745 670 809 radio,
690 750 717 798 et
734 745 871 812 surgentia
889 743 978 798 sidera
995 743 1099 798 dicent:

400 830 442 884 Tu
459 845 553 898 regere
571 830 682 899 imperio
700 831 832 899 populos,
850 828 984 893 Romane,
1002 831 1147 895 mement03

398 915 458 969 Hae
475 916 524 970 tibi
542 921 620 969 erunt
637 920 723 981 artes,
741 915 856 983 pacique
873 913 1011 982 imponere
1028 927 1142 972 morem,

147 1008 178 1057 55
399 1000 515 1054 Parcere
533 1000 675 1069 subjectis,
694 1005 720 1054 et
738 999 872 1054 debellare
890 997 1030 1066 superbos.

196 1112 446 1197 Dispositionem
468 1133 544 1179 vero
566 1113 629 1178 Ioci
651 1111 810 1177 subtiliter
830 1110 932 1194 tangit
953 1110 986 1174 in
1002 1115 1124 1192 quarto,
1148 1127 1248 1190 quum
1271 1109 1313 1174 in-

196 1214 333 1281 troducit
349 1215 465 1281 Jovem
487 1213 530 1278 ad
544 1215 734 1280 Mercurium
749 1212 789 1279 de
803 1213 915 1279 Aenea
929 1213 1111 1294 loquentem
1129 1210 1192 1279 isto
1208 1211 1313 1278 modo:

399 1338 462 1392 Non
478 1338 554 1392 illum
571 1338 650 1392 nobis
667 1337 782 1406 genitrix
798 1337 979 1407 pulcherrima
997 1339 1078 1393 talem

399 1422 541 1488 Promisit,
560 1423 725 1492 Grajumque
742 1423 801 1477 ideo
821 1422 861 1476 bis
880 1422 999 1477 vindicat
1016 1423 1111 1478 armIs:

147 1517 179 1568 60
402 1507 455 1560 Sed
473 1506 530 1562 fore
548 1508 594 1576 qui
609 1508 747 1576 gravidam
764 1506 897 1577 imperiis,
916 1507 1039 1576 belloque
1056 1507 1216 1562 frementem

399 1593 506 1647 Italiam
523 1598 635 1660 regeret.
1224 1586 1229 1595 “

197 1705 370 1787 Propterea
399 1705 477 1770 satis
505 1724 693 1790 persuasum
719 1709 782 1788 est,
819 1702 905 1787 quod
932 1705 1093 1769 Romanus
1129 1705 1268 1789 populus
1295 1725 1314 1770 a

110 1820 113 1825 ·
196 1812 311 1871 natura
333 1805 496 1872 ordinatus
518 1807 578 1871 fuit
595 1806 638 1870 ad
659 1805 888 1891 imperandum.
926 1804 1010 1885 Ergo
1033 1806 1197 1872 Romanus
1220 1826 1314 1891 popu-

179 1908 245 1974 .Ius
268 1908 465 1992 subjiciendo
488 1909 550 1974 sibi
571 1909 695 1992 orbem,
719 1907 851 1992 dejure
874 1906 916 1972 ad
938 1907 1104 1991 imperium
1126 1907 1226 1975 venit.

642 2116 763 2190 [cneus
785 2115 866 2188 tun]

280 2263 333 2328 Ad
361 2265 441 2330 bene
471 2283 596 2346 quoque
631 2264 811 2329 venandum
848 2262 1014 2328 veritatem
1046 2262 1200 2348 quaesiti,
1237 2264 1314 2332 seire

197 2369 335 2449 oportet,
360 2366 445 2448 quod
467 2366 610 2431 divinum
628 2366 785 2450 judicium
807 2367 840 2430 in
862 2365 957 2431 rebus
973 2364 1163 2447 quandoque
1182 2365 1313 2433 homini-

198 2466 257 2531 bus
279 2472 328 2532 est
350 2468 567 2553 manifestum,
592 2467 782 2550 quandoque
805 2466 972 2532 occultum.

281 2567 323 2631 Et
345 2569 601 2635 manifestum
623 2574 729 2654 potest
752 2588 822 2634 esse
838 2566 1020 2651 dupliciter,
1044 2568 1166 2636 ratione
1184 2570 1313 2654 scilieet,

164 2673 229 2735 set
250 2668 322 2735 tide.

281 2771 366 2835 Nam
395 2772 551 2852 quaedam
581 2771 705 2857 judicia
732 2770 795 2837 Dei
831 2779 918 2854 sunt,
952 2771 995 2836 ad
1031 2791 1113 2853 quae
1148 2773 1315 2840 humana

196 2872 301 2938 ratio
324 2874 459 2958 propriis
481 2874 618 2960 pedibus
632 2873 813 2959 pertingere
828 2877 948 2957 potest,
973 2874 1053 2939 sicut
1065 2873 1107 2938 ad
1122 2873 1198 2942 hoo:
1223 2876 1315 2957 Quod

197 2974 291 3040 homo
323 2995 380 3058 pro
412 2977 515 3042 salute
548 2976 672 3061 patriae
704 2975 843 3060 seipsum
872 2981 1020 3058 exponat.
1072 2976 1156 3041 Nam
1185 2978 1213 3042 si
1243 2999 1315 3064 pars

224 3149 247 3181 ⁶⁰
264 3149 297 3202 A.
316 3149 348 3202 F.
368 3151 504 3221 spirantia
521 3151 616 3206 melius
782 3152 845 3221 Cap.
865 3151 937 3205 VIII.
980 3151 991 3182 ²
1014 3149 1047 3203 F.
1071 3157 1178 3222 oportet
1201 3153 1241 3208 oet
1262 3155 1315 3209 div.

225 3235 248 3267 ⁵⁰
264 3233 295 3286 P.
314 3235 450 3303 equidem,
469 3241 494 3291 et
512 3238 586 3291 vivos
843 3237 909 3307 jud.
923 3266 952 3275 -
970 3235 1001 3288 P.
1023 3241 1130 3306 oportet
1141 3237 1180 3292 ad
1196 3238 1316 3295 divinam

224 3319 247 3351 ⁵²
263 3318 295 3371 F.
314 3319 393 3373 radio
412 3323 552 3392 sterperrtie
844 3321 1045 3392 providentiam

222 3403 245 3434 ⁵⁴
262 3402 296 3455 H.
314 3402 346 3456 L.
365 3402 397 3457 V.
418 3405 495 3460 Haeo
514 3408 563 3462 tibi
824 3406 842 3472 ⁴,
863 3407 873 3438 ⁵
891 3405 923 3460 F.
941 3405 972 3458 P.
990 3404 1048 3459 soit.
1067 3409 1119 3459 rat.
1137 3410 1163 3460 et
1177 3406 1235 3475 fide

282 3487 313 3540 F.
330 3503 483 3560 pacemque
500 3493 638 3562 imponere
655 3506 730 3544 more
824 3491 835 3522 ⁰
852 3489 884 3543 F.
903 3490 933 3546 P.
952 3488 1023 3544 Nem
1041 3507 1112 3560 qaae
1123 3491 1235 3561 judicio

223 3572 246 3604 ⁶²
263 3571 302 3626 M.
321 3571 439 3645 Propter
463 3575 537 3643 quod
557 3607 592 3616 -
612 3576 643 3629 P.
664 3574 730 3630 Pre-
825 3576 834 3607 ⁷
851 3574 883 3628 F.
896 3575 1014 3646 pertibus
1026 3574 1161 3646 perficere

265 3662 339 3712 terea
829 3660 838 3693 ⁸
850 3677 916 3732 pro,
932 3659 1004 3728 quod
1013 3666 1120 3728 praeter
1129 3675 1222 3715 omnes
1232 3661 1316 3717 libros

280 3742 350 3798 Edd.
364 3744 488 3814 populus
505 3744 646 3800 Romanus
851 3761 933 3799 manu
967 3750 1092 3799 exaratos
1124 3744 1227 3800 habent
1256 3746 1315 3801 edd.

281 3846 299 3882 a
325 3834 425 3884 cetura
455 3829 548 3896 legunt
581 3844 672 3883 omnes
698 3856 732 3870 ·-
850 3833 913 3896 ant,
925 3829 1024 3883 excidit
1035 3830 1064 3882 in
1074 3829 1220 3884 Ginevrina
1231 3836 1317 3898 (1740)

264 3912 349 3966 Editt.
399 3913 556 3983 simpliciter
605 3914 731 3970 exhibent
850 3921 891 3979 et,
916 3929 984 3983 quae
1007 3929 1065 3967 eam
1089 3918 1220 3981 sequutae
1246 3919 1317 3982 sunt,

264 4003 365 4053 natura
849 3997 959 4053 Venetis
979 4013 1049 4053 saec.
1067 4000 1256 4070 praeterlapsi.

224 4083 246 4115 ⁰⁴
263 4082 301 4137 M.
320 4081 357 4136 ad
374 4082 560 4153 imperandum
651 4122 652 4125 ,

267 4235 289 4267 ⁵⁰
307 4234 409 4287 ibidem
427 4235 472 4288 IV.
496 4239 554 4289 227.
