2940 5040
226 1252 448 1342 [DANTIS
481 1254 823 1337 ALLIGHERII
854 1256 1205 1341 FLORENTINI

568 1388 852 1459 mommomla
915 1485 918 1492 ι

545 1561 670 1624 mea
691 1562 878 1647 mamus,

243 1675 433 1745 QUALITER
451 1676 629 1734 OFFICIUM
646 1677 903 1744 MONAROHIAE,
921 1678 1003 1734 SIVE
1020 1679 1178 1749 IMPERII,

416 1761 618 1819 DEPENDET
635 1763 661 1818 A
677 1762 753 1819 1)Εο
771 1763 1003 1830 mmmmm]

622 1922 744 1996 [orror
765 1921 798 1997 1.]

163 2109 166 2116 ,
236 2049 419 2136 „Concluoit
446 2073 502 2120 ora
531 2054 673 2139 leonum,
707 2058 739 2120 et
772 2072 836 2119 non
864 2059 1038 2120 nocuerunt
1066 2052 1159 2138 mihi;
1198 2055 1273 2138 quia

151 2173 258 2221 ooram
287 2174 326 2220 eo
350 2153 477 2238 justitia
505 2155 635 2222 inventa
663 2161 712 2222 eat
738 2154 772 2221 in
800 2152 882 2221 me.“
923 2154 963 2221 In
990 2153 1146 2240 principio
1177 2156 1273 2242 hujus

150 2255 257 2341 operis
277 2255 475 2340 propositum
496 2257 555 2324 fuit
577 2257 617 2325 de
631 2257 733 2324 tribus
748 2255 996 2340 quaestionibua
1019 2261 1113 2341 prout
1135 2255 1272 2323 materia

150 2362 328 2442 pateretur,
350 2356 522 2442 inquirere3
547 2359 587 2427 de
609 2379 742 2443 quarum
757 2357 881 2425 duabus
895 2356 1022 2442 primis,
1044 2356 1078 2424 in
1100 2355 1270 2443 superiori·

151 2460 210 2525 bus
232 2459 337 2542 libris,
361 2465 396 2524 ut
418 2461 527 2545 oredo,
550 2460 742 2528 sufficienter
763 2465 926 2546 peractum
948 2463 1005 2527 est.
1049 2459 1142 2525 Nune
1164 2463 1305 2527 autema

151 2560 192 2628 de
215 2560 309 2626 tertia
330 2566 429 2628 restat
449 2562 618 2646 agendum.
669 2561 768 2646 Cujus
791 2561 919 2645 quidem
941 2561 1076 2646 veritas,
1106 2560 1182 2645 quia
1203 2561 1272 2630 aine

150 2664 264 2730 rubore
279 2662 459 2746 aliquorum
474 2682 636 2748 emergere
658 2662 782 2747 nequit,
805 2663 941 2730 forsitan
968 2662 1105 2747 alicujus
1126 2661 1270 2745 indigna

149 2766 245 2834 tionis
266 2765 300 2830 in
321 2786 373 2833 me
396 2785 493 2832 oausa
514 2765 583 2833 erit.
621 2764 687 2834 Sed
709 2764 844 2848 quiade
865 2765 978 2831 throno
1001 2763 1193 2833 immutabili
1213 2784 1271 2833 suo

149 2867 276 2935 Veritas
299 2865 500 2951 depreeatur,
525 2865 715 2935 Salomon
737 2866 850 2952 etiam,
879 2866 1006 2951 sylvam
1026 2866 1271 2934 Proverbiorum

150 2968 342 3052 ingrediens,
364 2968 581 3037 meditandam
609 2969 791 3052 veritatem,
821 2967 955 3052 impium
983 2966 1214 3053 detestandum,
1237 2969 1271 3035 iu
1290 2984 1320 3035 10

532 3202 716 3243 larome
740 3200 891 3244 camme.

151 3306 215 3376 Cap.
234 3306 255 3360 1.
295 3308 303 3340 ¹
321 3306 353 3360 Α.
371 3305 409 3360 M.
430 3305 557 3362 Conclusa·
765 3307 786 3340 ¹⁰
802 3304 929 3376 Impressi
939 3303 1193 3374 praetorFratloell.
1213 3320 1269 3362 om-

194 3393 205 3425 ³
221 3390 252 3446 P.
270 3396 371 3447 notura
384 3395 530 3463 poteretur
802 3404 850 3446 nes
869 3405 930 3445 eum
947 3388 1042 3444 Fioino
1066 3388 1104 3455 (lo
1123 3390 1269 3456 ttroaaida)

194 3475 252 3531 θΡ.
271 3475 361 3542 Noae,
379 3475 413 3533 de
430 3477 510 3532 terit‘a
804 3472 1140 3547 Imperium-Sequimur
1156 3473 1269 3543 codices,

196 3561 292 3616 ⁸Edd.
312 3576 395 3616 caasa
413 3561 441 3615 io
455 3576 498 3615 me
574 3583 582 3601 ·
803 3558 873 3615 inter
890 3573 920 3615 so
937 3558 1144 3616 consentientes.

195 3645 292 3701 ⁹Edd.
305 3650 418 3702 recentt.
434 3660 495 3700 eum
506 3643 544 3698 M.
561 3649 587 3700 et
604 3641 683 3700 Salo·
1033 3663 1035 3666 ⁴

218 3747 280 3786 mon
298 3731 378 3786 etiam

387 3899 430 3937 AD
448 3896 815 3939 nl’raanmoawwmau
832 3896 1029 3937 nemrim.

218 4001 291 4072 (lap.
310 4001 337 4057 Ι.
384 4004 392 4036 ¹
410 4000 528 4055 Drama.
547 3999 593 4054 Vl.
612 4003 654 4054 22.
759 4000 948 4055 ⁹Proverb.
965 3998 1026 4055 v11.
1053 4004 1076 4052 7.
1104 3997 1271 4066 „veritatem

149 4071 323 4127 meditabitur
332 4072 426 4139 guttur
435 4084 531 4136 meum,
541 4074 569 4123 et
578 4067 651 4123 labia
663 4083 723 4123 mea
732 4067 937 4124 detestabuntur
953 4068 1090 4137 impium.“
1154 4069 1176 4102 ¹⁰
1193 4067 1269 4123 Salo·

149 4157 213 4196 mon
229 4155 284 4195 non
294 4138 361 4194 alios
377 4137 410 4193 de
418 4136 572 4193 meditanda
584 4136 697 4192 veritate
714 4140 742 4192 et
759 4135 791 4192 de
807 4135 966 4193 detestanda
982 4135 1120 4206 Impietato
1135 4135 1269 4203 admonet,

148 4210 196 4264 sad
214 4223 244 4264 se
260 4207 349 4278 ipsum
366 4207 405 4262 ita
421 4205 558 4262 iacturum
575 4219 634 4261 esee
651 4204 757 4261 asserit.
