2940 5040
329 326 463 385 DANTIS
481 330 702 386 MONARCHIA
720 331 768 385 111.
788 331 817 386 C.
839 336 877 387 13.
897 336 961 400 (12.)
982 338 1020 387 14.
1040 338 1102 398 (13.)
1220 330 1277 392 131

152 500 235 569 licet
262 503 305 568 ad
333 502 502 569 offerentes
530 504 645 568 facicm
668 505 786 572 habere
814 505 975 586 videatur3
1004 504 1210 571 nihilominus
1231 510 1283 572 θεῖ

152 626 217 690 per
244 623 440 686 consequens
469 602 513 668 ad
541 605 738 690 recipientes.
785 604 922 671 Stultum
951 606 1036 672 enim
1065 613 1112 673 est
1141 605 1279 690 credere,

154 707 263 771 Deum
286 707 371 772 velle
400 705 513 790 recipi,
544 705 629 787 quod
651 708 799 789 prohibet
828 708 985 790 exhiberi3
1011 727 1107 790 quum
1129 709 1225 774 etiam
1247 709 1280 773 in

155 807 272 874 eodem
303 807 518 892 praecipiatur
555 808 692 874 Levitis:
735 809 864 892 „Nolite
903 811 1117 876 contaminare
1157 811 1280 876 animas

155 915 297 992 vestras,
327 929 386 974 nec
415 910 554 990 tangatis
584 910 757 991 quidquam
780 931 905 993 eorum,
934 932 974 977 ne
1002 911 1155 977 immundi
1178 910 1278 978 sitis“
1296 918 1333 968 5⁰

158 1010 225 1077 Sed
247 1010 369 1093 dicere,
402 1011 488 1091 quod
509 1010 655 1078 Ecclesia
684 1012 729 1077 sic
751 1013 900 1077 abutatur
922 1013 1112 1097 patrimonio
1141 1013 1202 1077 sibi
1224 1011 1277 1078 de-

155 1117 287 1197 putato,
311 1118 360 1177 est
383 1113 479 1178 valde
501 1112 742 1179 inconveniens:
773 1133 846 1196 ergo
875 1113 991 1178 salsum
1020 1119 1088 1178 crat
1116 1111 1213 1196 illud,
1237 1132 1278 1178 ex

158 1233 222 1294 quo
246 1214 447 1293 sequebatur.

543 1404 665 1477 [cucur
687 1419 759 1467 xlv.
784 1399 903 1486 (mall

244 1551 400 1635 Amplius,
422 1551 448 1615 si
463 1549 609 1616 Ecclesia
624 1552 773 1617 virtutem
789 1553 921 1620 haberet
936 1552 1151 1618 auctorizandi
1164 1552 1279 1618 Roma-

157 1673 232 1717 num
255 1653 445 1738 Principem,
468 1658 523 1716 ant
546 1653 678 1718 haberet
701 1673 721 1717 a
743 1654 824 1737 Deo,
850 1660 904 1719 aut
926 1675 947 1718 a
968 1675 1012 1738 se,
1035 1661 1091 1720 aut
1112 1656 1154 1720 ab
1175 1655 1277 1738 Impe-

158 1760 263 1819 ratore
286 1754 405 1837 aliquo,
428 1761 483 1818 aut
505 1755 547 1819 ab
562 1754 710 1819 universo
726 1756 907 1820 mortalium
921 1754 1068 1838 adsensu,
1092 1758 1145 1821 vel
1163 1757 1278 1822 saltem

158 1878 199 1922 ex
221 1855 286 1921 illis
309 1855 571 1940 praevalentium.
609 1856 707 1921 Nulla
724 1862 772 1922 cst
787 1858 852 1921 alia
873 1858 996 1939 rimula,
1020 1877 1194 1941 perquam
1217 1857 1278 1922 vir·

157 1962 208 2022 tus
231 1957 310 2024 haec
333 1956 373 2021 ad
390 1958 566 2022 Ecclesiam
581 1978 710 2023 manare
725 1959 891 2041 potuisset.
931 1957 995 2024 Sed
1011 1978 1030 2021 a
1044 1958 1132 2024 nullo
1147 1959 1280 2024 istorum
1298 1981 1313 2029 5

158 2059 272 2124 habet:
296 2078 370 2141 ergo
394 2060 543 2125 virtutem
565 2058 762 2144 praedictam
784 2078 846 2123 non
869 2058 974 2125 habet.

243 2158 337 2240 Quod
359 2165 465 2226 autem
488 2181 507 2224 a
528 2162 615 2227 nullo
638 2161 771 2226 istorum
793 2161 921 2242 babeat,
949 2160 995 2225 sic
1018 2164 1160 2244 apparet.
1197 2161 1280 2226 Nam

158 2264 186 2328 si
208 2284 229 2327 a
251 2263 334 2328 Deo
357 2263 539 2346 recepisset,
563 2262 625 2328 hoo
646 2262 759 2327 fuisset
774 2267 828 2327 aut
850 2281 908 2346 per
928 2262 1034 2342 legem
1050 2260 1201 2345 divinam,
1223 2268 1280 2328 aut

157 2385 216 2447 per
238 2365 429 2446 naturalem,
454 2363 529 2444 quia
545 2363 630 2445 quod
653 2384 673 2428 a
688 2370 801 2428 natura
816 2364 974 2448 recipitur,
998 2384 1018 2427 a
1034 2363 1103 2428 Deo
1118 2362 1278 2447 recipitur,

157 2487 221 2532 non
243 2470 349 2531 tamen
378 2466 579 2531 convertitur.
631 2466 696 2533 Sed
729 2487 791 2531 non
824 2487 893 2550 per
924 2465 1168 2548 naturalem,
1204 2464 1279 2545 quia
1299 2473 1331 2522 10

157 2572 270 2631 natura
292 2588 355 2632 non
377 2566 512 2650 imponit
534 2568 654 2650 legem,
683 2568 745 2633 nisi
774 2569 839 2634 suis
862 2567 1043 2632 effectibus:
1073 2586 1169 2648 quum
1190 2567 1279 2632 Deus

157 2669 350 2734 insufficiens
380 2689 450 2734 esse
486 2689 548 2734 non
584 2670 700 2754 possit,
737 2671 793 2735 ubi
827 2669 895 2734 sine
930 2667 1077 2734 secundis
1113 2667 1280 2751 agentibus

184 2872 208 2903 ¹⁸
226 2870 256 2923 P.
275 2887 334 2925 cum
354 2873 381 2924 in
400 2873 492 2923 ecdem
788 2873 798 2903 ⁵
815 2869 849 2921 V.
867 2868 905 2922 ccl
922 2867 1073 2923 Ecclesiam
1091 2886 1201 2924 marcere

184 2957 208 2988 ⁵⁰
225 2955 255 3008 P.
276 2955 308 3007 V.
329 2957 460 3025 quicquid
477 2971 570 3009 corum
790 2955 800 2986 ⁸
818 2953 849 3006 F.
859 2955 1005 3022 recepisset
1016 2960 1063 3007 aret
1066 2971 1121 3024 per
1132 2954 1217 3024 lcqem
1226 2953 1278 3008 dic.

186 3043 206 3072 ⁵¹
226 3040 295 3093 Edd.
316 3045 412 3093 contra
431 3039 553 3094 codicum
569 3039 694 3094 etFicini
790 3039 800 3070 ¹¹
817 3039 909 3091 Verba
933 3055 949 3090 a
968 3038 1025 3092 Deo
1041 3040 1187 3108 recapitar,
1211 3053 1280 3107 quae

226 3125 428 3187 auctoritatem,
459 3126 498 3178 sr'c
525 3126 692 3180 omittentes:
812 3123 1000 3178 desiderantur
1016 3122 1210 3184 ineditt.antt.‚
1225 3121 1279 3193 pri·

227 3210 301 3279 qaod
320 3209 441 3265 Ecclesia
463 3210 592 3263 abutatur
812 3226 871 3262 mus
895 3207 1014 3264 restituit
1036 3207 1136 3261 Fratic.
1160 3206 1278 3261 Consen-

184 3296 207 3327 ⁵²
224 3294 256 3347 V.
274 3294 377 3364 falsam
396 3302 436 3348 est
455 3303 480 3347 et
498 3303 557 3348 crat
575 3294 644 3348 illud
660 3324 693 3335 -
812 3293 884 3347 tiunt
907 3308 988 3346 manu
1012 3293 1116 3346 exarati
1139 3307 1230 3346 omnes
1252 3296 1280 3345 et

226 3380 258 3432 A.
276 3379 381 3447 salsrcm
400 3378 470 3432 illud
813 3377 933 3432 Ficinus.

157 3465 224 3531 Cap.
243 3464 315 3516 XIV.
354 3464 415 3516 2Η.
435 3463 587 3517 Romanum
605 3462 695 3535 impe·
776 3465 796 3496 ¹¹
815 3462 915 3517 Fratic.
949 3462 1008 3517 sine
1040 3463 1182 3529 negatione
1214 3461 1279 3530 quia

226 3550 297 3601 rium
316 3548 359 3601 cel
375 3547 531 3618 Principem
549 3547 623 3601 —F.
641 3547 695 3602 Ro·
814 3554 914 3601 calloo
941 3548 1055 3617 imponit
1081 3546 1180 3618 lepem,
1207 3545 1279 3615 qued

225 3650 333 3686 monlon
351 3631 503 3702 Irrrpcrr‘cm
815 3647 887 3684 mero
906 3632 991 3685 errori
1009 3631 1099 3685 deberi
1116 3635 1192 3700 puto.

241 3718 272 3770 F.
292 3725 340 3771 cat
357 3735 374 3770 a
394 3733 422 3770 sc
441 3718 501 3788 ipso
831 3716 862 3769 L.
881 3718 935 3770 nisi
950 3719 1006 3769 stris
1024 3715 1166 3785 affectibus

225 3902 249 3933 ¹⁹
266 3901 444 3956 Leviticns
464 3917 496 3955 ca
517 3942 523 3954 .
542 3901 592 3954 XI.
612 3919 635 3953 v.
655 3908 696 3958 43.

226 3969 297 4038 Cap.
316 3969 399 4048 ΧΠ.
446 3972 467 4002 ¹⁰
491 3918 519 4024 di
545 3977 643 4024 natura
666 3977 808 4039 operatur,
835 3969 909 4048 Deus
928 3977 1056 4038 operatur
1074 3986 1123 4039 per
1140 3985 1211 4036 eam3
1230 3970 1279 4026 sed

157 4037 284 4101 mediate,
304 4038 409 4091 scilicet
427 4054 475 4106 per
494 4039 626 4093 secundos
645 4045 764 4107 agentes.
797 4038 958 4106 Hujusmocli
976 4040 1147 4107 operationes
1165 4039 1278 4104 divinae,

158 4121 225 4174 quae
243 4105 356 4160 effectus
376 4114 491 4160 naturae
511 4106 563 4160 dici
580 4114 704 4174 possunt,
723 4107 827 4175 legibus
846 4114 959 4160 naturae
977 4107 1117 4174 subJ'cctae
1135 4112 1205 4162 sunt.
1240 4110 1279 4163 At

158 4175 181 4229 si
199 4175 496 4244 immediateoperatur
514 4175 603 4240 Deus,
627 4175 753 4228 immunis
778 4182 819 4229 cst
842 4175 978 4243 alegibus
1004 4190 1072 4242 quae
1094 4176 1207 4231 effectus
1227 4191 1277 4230 na-

156 4248 234 4298 turae
252 4243 431 4312 adstringunt.

1089 4332 1135 4383 9*
