2940 5040
570 353 853 413 Pnouuuouuun.
1232 358 1271 413 IX

206 551 238 602 to
265 555 286 600 o
313 531 394 601 dore
422 530 540 624 t’ojuto
568 530 621 601 det
650 529 769 603 Codice
799 530 973 602 Litecireee.
1028 531 1165 604 Dooette
1189 533 1271 627 perb

208 668 320 727 tacere
354 669 468 752 peceato
503 657 667 743 numidio,
707 681 723 727 e
758 668 1082 753 cousequentemeute
1120 659 1153 729 io
1189 684 1273 754 pro-

206 784 364 855 veniente
397 784 451 855 det
480 783 617 870 Codice,
654 784 777 881 perebo
811 784 837 855 o
863 785 949 856 iibro
977 809 1035 857 ero
1059 788 1272 882 proibito;

206 935 222 982 e
250 913 275 981 it
293 911 415 998 Monoi,
444 911 546 982 ouebe
566 936 654 983 come
673 912 911 996 eeclesiastico,
938 937 1002 982 non
1025 913 1108 984 norb
1135 916 1272 988 creduto

202 1039 368 1135 prudente
380 1037 572 1133 d’oppurire
591 1040 709 1111 cotsuo
726 1063 829 1128 nome,
849 1063 865 1110 e
882 1041 975 1135 sonui
990 1042 1148 1135 opperire
1162 1042 1271 1136 quello

205 1165 295 1237 detto
322 1165 461 1235 libreria
488 1164 567 1236 d'uu
596 1165 746 1260 Capitoto
773 1166 809 1237 di
837 1165 1028 1238 Coubnioi.“
1043 1163 1072 1265 ⁴)

256 1292 447 1364 Editiouum
467 1317 483 1362 a
503 1291 611 1363 Pnrno
630 1291 845 1364 Fnurmnnmo
864 1305 1048 1366 auratarum
1070 1293 1137 1389 jam
1157 1297 1271 1391 prima,

157 1445 255 1516 quum
296 1419 472 1490 Marsiiii
507 1418 644 1490 Fieiui
683 1421 866 1491 versionem
907 1421 1046 1492 italicum
1087 1423 1119 1493 iu
1163 1424 1269 1496 iucem

156 1549 368 1646 protraheret,
386 1548 517 1618 inanimi
549 1549 705 1619 momenti
733 1547 916 1619 subsidium
944 1549 983 1619 ad
1006 1550 1268 1623 emendationem
1364 1574 1369 1603 ³

157 1675 262 1771 operis
282 1674 385 1745 nostri
403 1675 551 1766 coutuiit,
577 1699 616 1746 ex
634 1698 698 1770 quo
716 1684 749 1745 et
766 1675 834 1770 ipsa
854 1676 1041 1768 nonnullos,
1069 1701 1135 1748 non
1163 1679 1268 1751 solum

155 1826 220 1894 eos,
238 1826 320 1897 quos
338 1801 459 1873 indieat
478 1803 642 1897 praefatio,
659 1825 783 1897 paucos
802 1814 922 1892 minen,
940 1826 1068 1876 errores
1087 1803 1271 1906 corruite)

255 1929 410 2021 Alteram,
436 1930 593 2024 impensis
611 1930 743 2000 iosnrm
762 1928 895 2021 Momm,
922 1930 977 2001 sed
1003 1942 1136 2002 euraute
1155 1933 1269 2004 eodem

154 2056 353 2146 Fratieeiiio,
388 2058 523 2148 iactam,
556 2056 595 2127 ad
628 2055 875 2151 expurgandum
905 2056 1109 2128 biouarebiae
1143 2069 1265 2131 textum

155 2185 228 2255 novi
256 2184 331 2279 quid
359 2184 531 2274 addidisse,
559 2207 624 2254 nou
651 2183 756 2254 video.

256 2310 410 2382 Pervenio
437 2311 475 2381 ad
499 2311 687 2382 Annxsunm
716 2309 832 2382 Tenen
859 2309 1048 2401 editionem,
1075 2336 1155 2407 quae
1184 2312 1269 2383 mole

153 2437 327 2508 voluminis
345 2447 377 2508 et
394 2439 517 2510 ambitu
540 2449 710 2534 apparatus
729 2439 806 2510 abias
824 2439 949 2508 excedit
966 2462 1090 2510 omnes.
1136 2438 1270 2532 Eodem,

154 2589 250 2660 quem
285 2574 318 2635 et
345 2566 377 2635 iu
404 2565 473 2635 niiis
508 2567 636 2661 seriptis
672 2566 855 2637 minoribus
882 2566 997 2636 Poetae
1026 2567 1126 2638 nostri
1155 2569 1267 2660 tenuit,

155 2692 263 2783 modo,
282 2692 378 2762 etiam
407 2693 439 2763 in
468 2693 593 2763 edenda
612 2691 808 2782 Moumohia,
839 2695 942 2788 magis
969 2693 1071 2764 aliena
1099 2695 1270 2790 diiigenter

153 2821 318 2910 conferre,
358 2843 453 2915 quam
494 2821 624 2915 propria
657 2820 803 2915 proferre
844 2821 968 2892 studuit
995 2820 1143 2892 Turrim.
1196 2821 1268 2893 Non

154 2960 261 3018 tamen
291 2947 583 3042 praetereundum,
617 2949 798 3018 versionem
828 2946 1002 3018 Marsiiii
1031 2946 1183 3038 Fioini,
1217 2950 1267 3020 hio

153 3098 193 3144 ex
211 3073 286 3164 aiio,
312 3096 414 3168 eoque
442 3073 575 3144 meliore
603 3075 714 3145 codiee
732 3097 829 3169 quam
849 3097 899 3165 eo,
917 3099 980 3169 quo
1000 3098 1077 3146 usus
1096 3087 1144 3146 est
1161 3074 1264 3147 Fruti-

154 3201 283 3291 eellius,
310 3201 464 3273 exbiberi.

239 3417 260 3480 ⁴)
278 3416 366 3469 Etiam
377 3416 511 3476 editionis,
521 3430 591 3484 qnae
602 3431 632 3470 se
642 3415 817 3470 Ginavrinum
827 3414 901 3482 dicit,
911 3421 1015 3479 auctor,
1032 3415 1269 3483 reprehensionem

154 3508 214 3564 libri
225 3509 365 3564 Euolesiee
383 3508 484 3575 infesti,
502 3524 557 3563 nse
576 3508 673 3572 reensi,
691 3513 814 3564 evertere
832 3509 953 3570 studens,
971 3509 1010 3562 ite
1027 3508 1148 3578 loquitur
1165 3508 1200 3562 de
1209 3508 1270 3562 Μο-

153 3601 276 3656 narchin:
304 3603 447 3670 „Scriptus
469 3603 530 3657 ille'‘
555 3602 643 3669 (liber)
668 3601 795 3670 „quidem
820 3602 855 3657 ab
873 3603 992 3656 Auctore
1014 3601 1067 3655 suit
1088 3600 1270 3656 contentionis

152 3711 253 3761 amore,
272 3695 419 3763 studioque
437 3696 567 3763 partium,
595 3710 709 3764 quarum
728 3695 847 3750 dissidiis
865 3698 1027 3762 tempestate
1044 3693 1090 3748 ilie
1108 3709 1194 3762 poene
1211 3699 1270 3748 tote

153 3788 437 3856 conflagrabatlteiie,
455 3789 535 3842 nimis
545 3787 660 3856 proinde
675 3786 893 3843 modotervetin
904 3787 1078 3855 disputando,
1097 3787 1268 3841 modoetiam

153 3887 230 3936 aestu
249 3881 368 3949 quodam
387 3882 553 3950 abreptusa
575 3882 691 3936 veritate
712 3881 834 3936 aberret:
861 3887 890 3935 et
911 3880 983 3935 iliius
1006 3895 1111 3935 errores
1134 3880 1184 3933 viri
1207 3895 1268 3947 gra-

152 3975 256 4030 vissimi
273 3974 330 4043 jam
348 3975 551 4030 confutarunt.·‘
579 3975 620 4029 Cf.
640 3989 710 4044 quae
728 3974 847 4029 diximus
864 3976 890 4029 in
901 3973 1030 4029 Anneiib.
1042 3972 1268 4041 Deutophilorum

152 4083 274 4136 germen.
291 4068 312 4121 I.
332 4072 441 4122 oe-u.
944 4112 950 4121 ,

239 4163 259 4226 ⁵)
277 4162 327 4215 Ex.
346 4176 387 4229 gr.
407 4162 465 4217 Lib.
483 4162 509 4214 ΙΙ
534 4177 592 4230 eap.
612 4168 626 4215 5
659 4162 705 4215 lin.
727 4166 788 4223 103,
813 4173 872 4226 oap·
892 4165 907 4216 8
931 4162 975 4215 lin.
995 4166 1024 4223 a,
1049 4175 1106 4228 enp.
1128 4164 1157 4214 13
1183 4160 1227 4214 lin.
1245 4164 1269 4214 9.

151 4255 211 4310 Lib.
229 4254 270 4307 ΙΙΙ
288 4269 347 4322 oap.
370 4261 398 4309 14
417 4256 461 4309 tiu.
480 4259 503 4308 9.
