2940 5040
285 313 344 374 112
552 317 689 373 DANTIS
707 317 925 373 MONARCHIA
942 318 989 372 111.
1008 317 1036 372 G.
1055 322 1079 372 8.
1098 323 1121 373 9.

284 489 346 554 sibi
369 488 564 573 conceditur,
588 491 671 556 circa
687 491 772 573 quod
794 492 851 556 illa
868 491 1047 557 distributio
1071 491 1281 576 subjungitur.
1315 493 1400 560 Dicit

284 591 368 656 enim
392 590 534 656 Christus
556 593 666 658 Petro:
690 594 763 658 Tibi
784 594 869 660 dabo
893 594 1001 659 claves
1023 592 1113 673 regni
1135 595 1312 679 coelorum;
1342 595 1398 664 hoc

233 711 265 760 ro
285 699 347 758 est:
375 693 507 758 Faciam
535 699 566 761 te
595 695 759 762 ostiarium
786 695 875 776 regni
905 696 1071 761 coelorum.
1123 695 1248 762 Deinde
1277 696 1398 763 subdit:

283 794 343 877 „Et
359 794 608 879 quodcumquc“,
632 795 717 877 quod
739 802 786 862 est
808 817 921 879 „omne
939 795 1060 877 quod‘:
1081 795 1188 880 idest,
1205 818 1299 863 omne
1318 798 1400 879 quod

282 894 326 960 ad
346 896 433 961 istud
447 897 585 964 officium
606 898 778 980 spectabit,
801 899 925 963 solvere
947 898 1066 982 poteris
1089 903 1122 964 et
1142 898 1253 979 ligare.
1292 899 1335 963 Εῖ
1357 900 1399 967 sic

281 998 406 1080 signum
433 999 627 1082 universale,
657 999 742 1081 quod
770 1000 941 1065 includitur
968 1000 1001 1064 in
1023 998 1305 1084 „Quodcumque“,
1330 1022 1398 1068 con-

282 1100 416 1164 trahitur
444 1101 477 1165 in
505 1121 563 1166 sua
592 1101 813 1169 distributione
840 1104 882 1167 ab
911 1101 1014 1168 officio
1044 1102 1182 1167 clavium
1209 1102 1302 1184 regni
1331 1124 1397 1170 coe-

232 1222 263 1270 lo
283 1200 393 1267 lorum.
430 1203 470 1266 Et
493 1203 539 1268 sio
560 1201 771 1288 adsumendo,
795 1224 872 1270 vera
894 1208 943 1269 est
964 1203 1021 1268 illa
1038 1203 1228 1288 propositi03
1253 1205 1400 1272 absolute

281 1323 357 1368 vcro
380 1324 452 1385 non,
475 1310 509 1368 ut
531 1309 628 1388 patet.
662 1304 704 1368 Et
725 1305 798 1372 ideo
821 1304 903 1388 dico,
927 1304 1012 1387 quod
1034 1306 1096 1370 etsi
1118 1326 1281 1372 successor
1304 1307 1398 1392 Petri,

281 1406 454 1471 secundum
482 1406 675 1487 exigentiam
703 1407 798 1473 officii
828 1407 986 1474 commissi
1011 1409 1121 1491 Petro,
1151 1407 1252 1492 possit
1275 1409 1399 1476 solvere

282 1513 313 1572 et
335 1508 451 1591 ligare;
475 1513 666 1573 nontamen
688 1514 817 1594 propter
837 1508 898 1574 hoc
921 1509 1078 1591 sequitur,
1105 1510 1190 1591 quod
1211 1510 1316 1595 possit
1340 1511 1398 1576 sol-

282 1629 357 1675 uere
379 1629 435 1674 seu
457 1610 557 1690 ligare
581 1609 707 1677 decreta
722 1609 864 1695 Imperii,
888 1611 956 1677 sive
979 1613 1076 1695 leges,
1099 1617 1134 1676 ut
1155 1611 1218 1695 ipsi
1240 1610 1398 1692 dicebant,

231 1716 263 1770 50
281 1710 343 1774 nisi
364 1711 495 1775 ulterius
522 1712 723 1796 probaretur,
757 1713 818 1778 hoc
839 1719 983 1795 spectare
1011 1713 1054 1778 ad
1076 1712 1214 1779 officium
1243 1715 1397 1798 clavium;

283 1813 374 1896 cujus
397 1813 587 1880 contrarium
607 1814 736 1879 inferius
758 1814 948 1881 ostendetur.

737 2002 862 2083 [curun
883 2004 942 2079 nc]

365 2137 532 2222 Accipiunt
548 2137 645 2202 etiam
659 2136 739 2202 illud
755 2138 899 2221 Lucae,
913 2137 998 2219 quod
1013 2139 1156 2204 Petrus
1172 2135 1251 2203 dicit
1263 2137 1398 2221 Christo,

307 2289 330 2320 ³⁸
347 2289 380 2341 Α.
404 2287 435 2340 F.
459 2287 493 2341 V.
520 2287 690 2352 conceditur,
717 2296 812 2342 contro
889 2289 911 2320 a
929 2289 959 2341 P.
972 2288 1004 2341 V.
1015 2285 1185 2341 contrabitur
1203 2288 1231 2341 in
1249 2303 1329 2342 suom
1341 2289 1395 2344 dis·

348 2372 422 2442 quod
439 2388 518 2440 qnam
534 2372 676 2426 lectionem
700 2379 726 2426 ct
740 2373 812 2441 Opo·
931 2372 1101 2426 tributionem
1269 2369 1272 2375 '

348 2456 422 2510 rinus
441 2462 518 2511 notat
534 2457 562 2510 in
581 2473 661 2526 marg.
890 2458 913 2490 ⁴⁵
930 2456 966 2509 M.
987 2455 1065 2509 Etsi
1080 2455 1209 2510 sumendo

307 2543 331 2574 ⁴⁰
347 2540 438 2595 Verba
465 2540 578 2594 Faciunt
613 2546 638 2592 te
670 2544 809 2596 ostiarium
890 2543 913 2574 ⁴⁵
931 2542 962 2595 F.
991 2539 1065 2611 quod
1089 2542 1115 2594 sr'
1137 2556 1278 2596 successor
1305 2572 1338 2582 ·-
1363 2543 1396 2598 V.

348 2627 429 2696 repnr'
476 2624 612 2680 coelorum
657 2627 755 2680 absunt
795 2642 812 2680 a
931 2627 1006 2695 quod
1021 2641 1161 2679 successor
1179 2626 1277 2681 omisso
1297 2626 1375 2682 Petri

348 2710 406 2764 cod.
425 2709 462 2762 M.
889 2710 912 2742 ⁴⁷
929 2710 960 2761 P.
978 2715 1070 2779 posset
1087 2709 1192 2764 soluere
1208 2712 1285 2764 -L.
1303 2718 1397 2784 posset

308 2797 330 2827 ⁴¹
349 2795 424 2864 quod
440 2800 480 2848 est
498 2811 576 2848 omne
600 2795 674 2865 quod
692 2812 746 2849 non
763 2797 812 2848 ha·
931 2794 1069 2849 absoluere

347 2881 427 2934 betur
443 2880 472 2934 in
489 2879 520 2932 F.
890 2879 914 2911 ⁴⁹
930 2879 962 2931 F.
983 2879 1055 2948 leqes
1073 2885 1102 2933 nt
1120 2880 1245 2935 dicebant

364 2964 533 3018 Auctoritate
553 2964 629 3018 codd.
647 2964 679 3019 F.
692 2963 767 3017 H.V.
786 2969 812 3019 et
891 2966 912 2997 ⁵¹
931 2964 1073 3031 Sequimur
1090 2964 1149 3019 cod.
1162 2965 1272 3021 A.P.V.
1286 2966 1396 3021 -Ren-

348 3047 437 3102 Ficini
466 3050 602 3103 omisimus
626 3049 749 3118 copulam
778 3054 811 3114 et,
932 3050 977 3116 qui
986 3055 1013 3103 et
1022 3049 1097 3102 editt.
1114 3050 1231 3119 inferius
1246 3051 1398 3105 ostenditur

348 3148 417 3202 quae
443 3133 471 3185 in
493 3133 602 3201 reliquis
627 3134 763 3188 codicibus
786 3138 813 3188 et
863 3135 927 3204 Cap.
946 3135 994 3187 lX.
1040 3137 1047 3166 ¹
1067 3134 1151 3188 Oodd.
1173 3135 1207 3188 H.
1232 3135 1264 3188 L.
1290 3135 1321 3189 P.
1343 3153 1396 3190 non

348 3217 377 3272 in
392 3217 468 3271 editis
486 3218 624 3286 praecedit
637 3220 718 3273 verba
736 3235 814 3273 omne
932 3218 1052 3272 indicant
1069 3221 1132 3274 nori
1149 3219 1244 3289 capitis
1262 3220 1367 3275 initium

349 3303 424 3372 quod
446 3303 483 3356 od
506 3303 579 3357 istud
599 3307 722 3372 (quorum
749 3304 812 3357 ulti·
947 3306 981 3357 A.
1000 3304 1032 3358 F.
1050 3304 1083 3357 H.
1103 3305 1136 3358 L.
1153 3304 1183 3357 P.
1195 3304 1229 3357 V.
1248 3309 1276 3358 et
1292 3306 1394 3375 aliquot

349 3404 422 3440 nrum
439 3388 517 3442 abest
534 3403 550 3442 a
567 3389 608 3455 F.)
931 3388 1006 3442 editt.
1025 3394 1092 3444 antt.
1111 3389 1185 3459 quod
1202 3388 1301 3444 Petrus
1325 3391 1397 3445 drmit

305 3473 329 3504 ⁴²
346 3473 378 3526 A.
397 3473 520 3542 officium
537 3481 642 3544 spectat
665 3503 698 3512 —
715 3473 748 3528 V.
767 3474 811 3542 of·
930 3472 1076 3527 -Tamen
1094 3473 1153 3527 cod.
1172 3474 1209 3527 M.
1228 3480 1255 3528 et
1273 3474 1397 3532 Ficinum

345 3558 436 3626 fieirun
458 3559 626 3628 exspectabit
931 3558 1081 3625 sequendos
1100 3573 1158 3612 esse
1176 3557 1309 3614 duximus.

349 3694 372 3726 ⁴⁰
390 3693 430 3746 cf.
448 3710 516 3761 quae
534 3695 640 3748 nomine
657 3692 790 3748 Friderici
807 3694 917 3747 secundi
925 3695 1036 3747 Pnrnus
1053 3711 1089 3746 nn
1105 3694 1203 3749 Vrnnrs
1221 3694 1318 3763 (Epist.
1329 3696 1350 3748 Ι.
1362 3702 1396 3750 3.t

280 3761 375 3816 scribit
397 3761 496 3815 Sancto
515 3762 665 3824 Lndovico‚
691 3761 859 3816 Francorum
883 3763 952 3830 regi:
982 3762 1060 3828 „Etsi
1078 3762 1209 3816 fateamur
1232 3763 1358 3818 collatam
1381 3779 1398 3818 u

280 3830 395 3883 Domino
422 3836 611 3884 sacrosanctae
637 3831 774 3884 Romanae
798 3830 869 3884 sedis
886 3831 1009 3885 Antistiti
1031 3829 1179 3898 plenariam
1199 3830 1228 3884 in
1250 3831 1398 3898 spirituali·

280 3899 331 3951 bus
349 3903 523 3965 potestatem,
543 3905 572 3951 ut
589 3901 847 3967 quantumcumque,
867 3899 938 3968 quod
955 3899 1033 3963 absit,
1053 3899 1087 3952 sit
1104 3899 1148 3951 ille
1166 3904 1304 3966 peccator,
1324 3900 1397 3968 quod

280 3965 308 4018 in
326 3969 397 4019 terra
413 3966 548 4034 ligaverit,
573 3967 609 4019 sit
630 3967 741 4034 ligatum
758 3968 786 4020 in
804 3967 899 4031 coelis,
923 3971 950 4019 et
967 3966 1038 4033 quod
1056 3967 1179 4029 solverit,
1204 3966 1239 4020 sit
1263 3967 1396 4034 solutum,

280 4049 412 4101 nusquam
430 4039 519 4088 tamen
546 4035 643 4103 legitur
661 4034 749 4087 divina
774 4036 816 4089 vel
834 4036 951 4088 humana
976 4035 1034 4102 lege
1052 4034 1104 4088 sibi
1122 4050 1295 4100 concessum,
1324 4037 1397 4105 quod

280 4101 426 4155 transferre
444 4120 493 4170 pro
510 4103 586 4157 libito
604 4104 691 4224 Rossit
707 4103 865 4170 Imperium,
889 4107 938 4156 aut
956 4104 989 4155 de
1027 4102 1149 4156 uniendis
1166 4103 1352 4171 temporaliter
1369 4105 1398 4158 in

279 4169 427 4236 privatione
443 4187 586 4238 regnorum
631 4171 721 4238 egibus
740 4174 767 4224 θῖ
784 4171 955 4239 Principibus
970 4171 1002 4238 ju
1023 4171 1118 4224 'care.“

349 4237 420 4305 Cup.
438 4239 495 4295 IX.
568 4241 697 4293 1Εεεεθ
724 4240 819 4292 Lucus
843 4255 901 4309 cap.
927 4239 1014 4291 XXII.
1037 4255 1062 4291 v.
1090 4243 1127 4292 ts.
1171 4237 1212 4293 cf.
1231 4239 1399 4295 Furnonnua
