2940 5040
458 354 593 410 DANTIS
611 355 831 411 MONARGHIA
847 356 895 412 HL
914 357 943 412 G.
963 361 986 412 3.
1237 354 1276 415 91

158 526 263 592 Deum
284 525 369 592 velle
393 524 479 607 quod
491 546 555 594 non
577 528 653 594 vult.
690 527 898 593 Verissimum
913 533 961 594 est
981 528 1078 610 igitur
1098 527 1180 594 illud
1193 529 1276 612 prin-

158 628 291 713 cipium,
314 648 355 694 ex
377 626 467 711 cujas
490 628 733 696 contradictorio
755 635 821 695 tam
843 628 983 695 absurda
1004 636 1185 712 sequuntur.

618 801 740 876 [curun
762 802 821 877 rm]

242 915 279 979 ln
301 913 445 998 introitu,
474 913 518 980 ad
540 917 758 998 quaestionem
780 917 862 984 hanc
883 922 995 985 notare
1019 922 1162 1004 oportet,
1193 918 1279 1002 quod
1325 933 1353 966 ,-

157 1017 311 1101 primae
334 1015 529 1097 quaestionis
543 1018 663 1085 veritas
678 1018 781 1101 magis
802 1017 1038 1086 manifestanda
1053 1019 1112 1085 fuit
1131 1019 1174 1085 ad
1188 1021 1276 1102 igno-

156 1118 294 1184 rantiam
316 1116 508 1203 tollendam,
532 1139 628 1202 quam
650 1119 693 1186 ad
714 1120 891 1188 tollendum
915 1120 1059 1204 litigium.
1105 1120 1171 1188 Sed
1193 1141 1276 1204 quae

155 1219 216 1308 fuit
237 1218 440 1286 secundae
464 1222 659 1303 quaestionis
682 1222 842 1307 quaestio,
866 1223 1043 1306 aequaliter
1064 1223 1108 1290 ad
1128 1223 1275 1306 ignoran-

154 1321 234 1387 tiam
257 1325 289 1388 et
311 1320 448 1402 litigium
469 1341 503 1390 se
525 1323 631 1393 habet.
668 1325 770 1390 Multa
792 1324 909 1391 etenim
931 1325 1122 1410 ignoramus,
1145 1325 1186 1393 de
1209 1324 1276 1408 qui·
1295 1334 1309 1383 5

155 1424 216 1490 bus
229 1443 294 1490 non
307 1421 484 1508 litigamus;
508 1445 582 1490 nam
596 1429 762 1508 geometra
776 1425 885 1492 circuli
900 1426 1126 1510 quadraturam
1139 1427 1276 1511 ignorat,

155 1529 348 1591 nontamen
378 1523 417 1592 de
445 1525 518 1611 ipsa
545 1526 664 1611 litigat3
696 1527 863 1610 theologus
885 1547 961 1595 vero
987 1549 1152 1596 numerum
1173 1529 1277 1612 Ange·

180 1659 204 1692 ³⁰
221 1656 255 1710 A.
272 1657 305 1713 L.
325 1664 352 1713 et
369 1658 430 1715 edd.
448 1661 533 1731 iqitur
550 1665 638 1716 est-
655 1659 688 1714 F.

221 1758 289 1814 erqo
306 1747 347 1797 est

181 1829 204 1861 ³⁷
221 1828 256 1880 A.
275 1826 306 1881 P.
325 1827 357 1882 V.
381 1833 410 1883 ct
433 1827 493 1884 edd.
518 1829 620 1900 antiqu.
642 1829 689 1884 ab·

221 1912 308 1966 surda
325 1918 479 1982 sequentur.

154 1997 220 2067 Cap.
240 1997 288 2051 111.
330 1997 390 2052 ²L.
409 1997 447 2051 M.
467 1997 542 2068 quod
552 1998 689 2070 propriae

222 2084 397 2153 quaestionis.

238 2167 276 2220 M.
295 2166 499 2237 manifestando
522 2167 558 2221 sit
580 2166 618 2220 ad
635 2168 690 2239 iqn.

157 2255 159 2261 '
196 2252 216 2318 ³,
235 2253 246 2284 ⁴
264 2251 300 2305 Μ.
319 2250 472 2307 Secundam
492 2253 566 2322 quod
581 2252 639 2322 suit
656 2280 691 2290 -

220 2338 252 2390 A.
273 2343 300 2391 et
317 2336 375 2391 edd.
389 2340 452 2391 vett.
466 2335 522 2392 Sed
539 2336 613 2407 quod
630 2336 689 2406 suit

221 2453 253 2461 -
263 2421 365 2476 Fratic.
379 2420 436 2476 Sed
446 2419 497 2476 doe
513 2422 621 2492 fuit-
634 2421 689 2476 No·

219 2506 326 2561 biscum
343 2506 447 2561 faciunt
465 2507 496 2560 F.
514 2507 547 2561 H.
565 2506 597 2560 L.
615 2506 645 2559 P.
654 2506 688 2559 V.

195 2593 215 2659 ⁴,
232 2594 243 2625 ⁵
259 2591 291 2645 In
303 2591 357 2646 hoc
375 2591 444 2658 loeo,
463 2590 529 2645 satis
551 2590 688 2660 Mpedito,

220 2675 332 2731 mirifice
353 2676 459 2730 radant
483 2682 582 2731 textus.
618 2674 688 2730 Edd.

220 2760 386 2831 antiquiores
404 2760 442 2814 ita
460 2760 574 2815 habent:
605 2777 688 2831 qaae-

219 2847 327 2910 stionis,
358 2844 492 2916 quomodo
517 2851 544 2900 et
570 2845 688 2916 qualiter

219 2929 258 2984 aei
273 2930 456 3001 iqnorontiam
479 2935 506 2985 et
527 2929 642 3001 iitiqium
659 2946 689 2985 se

220 3015 325 3071 haheat.
352 3014 506 3069 Concordat
520 3015 688 3069 Ambros—

220 3100 339 3164 Fratic.,
358 3099 571 3155 emendationem
591 3100 654 3154 olim
671 3114 687 3154 a

220 3184 298 3240 nobis
338 3185 504 3254 propositam
547 3188 686 3254 sequutus,

221 3270 399 3340 quaestionis,
428 3275 458 3323 ut
493 3269 626 3341 quomodo
662 3274 689 3323 et

221 3354 294 3425 qual.
319 3353 357 3408 ad
379 3355 467 3424 iquos.
492 3356 531 3409 ita
560 3355 597 3409 ad
620 3354 687 3426 litiq.

220 3454 249 3493 se
266 3438 372 3504 lrabeat,
391 3439 551 3507 qucdhodie
568 3439 688 3509 ncnpla-

182 3542 185 3546 ·
221 3529 272 3578 cet.
283 3552 316 3564 -—
327 3522 385 3578 Fel.
396 3529 423 3578 et
435 3524 493 3579 Pal.
513 3524 687 3595 quaestionis,

220 3608 342 3678 quaestio
361 3614 388 3662 et
406 3609 524 3679 qualiter
543 3608 581 3662 ad
597 3610 686 3680 iqnor.

807 1665 835 1714 et
852 1659 890 1715 iit.
909 1676 938 1716 se
959 1659 1065 1717 tabeat.
1080 1693 1111 1704 -
1129 1662 1162 1717 L.
1185 1666 1213 1717 et
1236 1660 1276 1716 M.
1342 1708 1346 1724 ,

807 1746 975 1815 quaestionis
991 1762 1063 1817 quae
1073 1748 1115 1813 (L.
1135 1763 1187 1818 .q.,
1205 1745 1279 1816 quod

810 1836 838 1884 et
855 1829 1006 1900 scripturae
1021 1831 1210 1902 compendium
1227 1846 1278 1901 pro

807 1916 930 1985 quaestio
947 1930 1007 1971 esse
1024 1920 1124 1986 potest)
1141 1915 1278 1986 equaliter

807 1997 845 2053 ad
853 1999 909 2069 iqn.
920 2004 947 2054 et
956 1997 994 2051 iit.
1001 2013 1030 2050 so
1039 1997 1138 2052 tabeat
1147 1999 1239 2068 (Magl.
1249 2015 1279 2055 se

810 2082 918 2149 liabent)
929 2113 961 2122 —
971 2081 1005 2136 H.
1017 2081 1082 2137 etV.
1101 2084 1277 2152 quaestionis,

810 2183 896 2237 quare
919 2172 946 2221 et
972 2167 1140 2238 qualiter...
1176 2168 1208 2222 In
1234 2183 1276 2223 se-

810 2252 953 2322 quentibus
971 2253 1004 2306 V.
1025 2251 1124 2307 omittit
1136 2258 1162 2306 et
1176 2252 1276 2307 —Nos

810 2337 916 2406 quidem
928 2336 1045 2406 vestigiis
1061 2337 1184 2393 codicum
1201 2337 1233 2391 F.
1245 2341 1276 2392 L.

808 2422 846 2476 M.
865 2422 896 2476 P.
915 2438 987 2477 nuno
1004 2422 1184 2490 inhaerentes,
1203 2422 1276 2480 Fici·

810 2523 927 2576 numque
950 2506 1001 2572 (La
1029 2509 1115 2562 ueriti
1140 2507 1212 2562 delia
1237 2524 1277 2562 se-

810 2592 898 2648 contia
916 2593 1050 2663 quistione
1065 2593 1101 2663 su
1114 2609 1169 2664 per
1187 2593 1277 2649 iecore

810 2677 981 2748 iiqnorauza
991 2694 1006 2731 e
1015 2676 1037 2731 ii
1047 2676 1144 2748 iitiqio)
1155 2678 1277 2747 proxime

810 2762 931 2831 sequuti,
956 2765 1060 2816 textum
1086 2777 1155 2816 nova
1172 2763 1276 2818 ratione

809 2845 951 2900 emendare
969 2861 1061 2900 sumus
1080 2846 1178 2901 conati.

785 2929 846 2983 lH.
865 2929 954 2985 Multo
971 2932 1041 2984 enim
1063 2931 1151 3001 iqnor.
1177 2962 1211 2970 -
1236 2931 1274 2985 M.

807 3014 896 3070 Multa
915 3017 995 3069 etiam
1014 3016 1069 3086 iqn.

781 3099 878 3153 ⁶Edd.
898 3100 981 3168 antiq.
1001 3102 1064 3154 nam
1081 3100 1230 3172 qeometria

781 3184 840 3238 ⁷F.
869 3183 902 3238 de
929 3201 961 3239 ea
991 3186 1082 3257 iitiqat
1115 3214 1147 3224 -
1184 3183 1213 3238 P.
1242 3183 1276 3239 de

805 3285 890 3341 opera
909 3269 947 3323 lit.

824 3353 894 3406 Edd.
923 3354 1005 3421 antiq.
1035 3350 1114 3408 theol.
1147 3369 1211 3407 uero
1242 3351 1276 3408 de

807 3455 918 3493 reomao
927 3437 1093 3509 Auqeiorum
1107 3468 1142 3477 —
1152 3437 1184 3491 V.
1195 3436 1274 3491 tlreoi.

807 3539 871 3576 aero
900 3531 1027 3577 recturam
1049 3523 1216 3594 Anqeiorum
1245 3552 1274 3563 —

807 3607 949 3676 Sequimur
966 3608 1083 3676 reliquos
1102 3606 1179 3662 codd.

222 3744 295 3814 (lap.
313 3743 373 3800 111.
410 3745 421 3777 ²
438 3744 530 3798 Prima
539 3743 726 3812 quaestionum
743 3758 776 3798 ca
796 3743 932 3798 secundo
950 3742 1012 3796 libri
1029 3743 1050 3797 1.
1093 3741 1274 3810 ropositarum

152 3818 223 3879 erat,
242 3828 278 3866 an
294 3812 456 3867 Monarchia
473 3812 509 3866 ad
532 3812 600 3866 bene
623 3826 682 3866 esse
705 3827 770 3865 mun
791 3813 796 3823 '
816 3812 970 3867 necessaria
987 3812 1029 3866 sit.
1087 3810 1129 3865 uio
1148 3825 1202 3864 non
1221 3809 1274 3863 nisi

152 3881 186 3936 ad
204 3880 383 3950 ignorantiam
400 3880 547 3935 tollendam
564 3879 781 3948 respondendum
795 3879 892 3945 fuisse,
918 3879 983 3933 dicit
1010 3885 1113 3933 auctor.
1148 3876 1274 3932 Secunda

153 3955 211 4004 erat
229 3948 366 4019 quaestio,
392 3964 427 4003 an
451 3948 590 4003 Romanus
613 3948 730 4017 populus
747 3948 924 4003 Monarchiae
949 3946 1067 4001 officium
1092 3946 1125 4000 de
1146 3946 1206 4000 iure
1223 3944 1274 3999 sibi

152 4017 311 4072 adsciverit:
330 4016 522 4085 veriuoemque
540 4016 614 4079 cirea
632 4032 704 4081 eam,
724 4022 780 4070 tam
796 4016 832 4071 ad
848 4016 1040 4084 ignorantiam,
1070 4029 1150 4083 quam
1168 4013 1202 4068 ad
1219 4013 1272 4067 liti-

168 4087 224 4140 ium
242 4101 271 4141 se
287 4085 401 4150 habere,
420 4085 525 4140 asserit.
569 4085 660 4139 Tertio
685 4084 846 4152 quaerebat,
870 4100 906 4138 an
930 4084 1079 4138 auotoritas
1096 4081 1274 4137 Monarchiae

150 4103 302 4224 dependeat
318 4169 335 4208 a
352 4152 411 4208 Deo
429 4153 588 4219 immediate,
606 4154 648 4208 vel
666 4152 701 4206 ab
719 4152 808 4220 aliquo
818 4151 869 4206 Dei
886 4151 1021 4219 ministro,
1040 4151 1119 4220 cujus
1138 4150 1272 4219 quaestio·

149 4222 206 4287 nis,
226 4222 278 4277 hoo
295 4221 324 4274 in
337 4220 406 4275 libro
425 4221 597 4288 tractandae,
616 4220 755 4276 veritatem
773 4221 854 4275 talem
873 4234 932 4275 esse
950 4219 996 4285 ait,
1015 4226 1045 4274 ut
1064 4220 1093 4273 in
1110 4233 1142 4274 ea
1159 4217 1274 4288 litigium

151 4305 235 4346 causa
253 4291 287 4345 sit
303 4289 480 4358 ignorantiae.
