2940 5040
354 364 488 419 DANTIS
506 364 725 419 MONARCHIA
742 365 788 418 Ill.
809 365 837 420 C.
861 369 898 418 ll.
917 368 979 431 (13.)
1001 369 1037 418 15.
1056 369 1120 431 (14.)
1233 361 1291 423 133

149 539 200 602 Si
230 538 376 603 Ecclesia
408 538 469 602 sibi
503 535 593 601 dedit
624 536 713 600 illanr
742 538 906 618 virtutem,
938 557 1001 601 non
1033 537 1173 603 habebat
1203 537 1293 601 illam

142 640 356 721 priusquam
380 638 484 703 daret:
508 643 540 704 et
552 638 598 702 sic
614 637 755 704 dedisset
777 639 837 703 sibi
854 637 940 719 quod
953 658 1016 703 non
1038 638 1188 720 habebat,
1206 636 1291 719 quod

150 747 221 807 est
243 741 451 824 impossibile.
1312 761 1342 810 35

257 842 442 923 erodvero
465 841 511 905 ab
535 841 674 921 aliquo
696 839 946 922 Imperatore
969 861 1032 906 non
1053 841 1218 923 receperit,
1237 862 1295 926 per

161 965 318 1028 eaquae
341 943 486 1028 superius
508 943 677 1006 manifesta
699 946 788 1022 sunt,
811 946 899 1023 patet
922 941 1120 1006 sufficienter.

257 1047 298 1110 Et
322 1045 407 1126 quod
436 1044 533 1109 etiam
556 1045 597 1108 ab
624 1042 801 1106 adsensu
832 1043 1002 1106 omnium
1031 1044 1083 1108 uel
1106 1045 1292 1126 praevalen-

168 1147 251 1211 tium
274 1167 337 1211 non
360 1145 516 1227 habuerit,
541 1145 612 1226 quis
634 1143 782 1209 dubitat?
807 1163 902 1223 quum
925 1165 988 1209 non
1010 1144 1104 1210 modo
1126 1144 1238 1208 Asiani
1261 1150 1294 1211 et

172 1247 314 1314 Africani
337 1268 462 1329 omnes,
494 1247 568 1327 quin
598 1247 694 1311 etiarn
716 1245 819 1328 major
840 1263 916 1327 pars
938 1245 1099 1331 Europam
1122 1247 1292 1312 colentium
1311 1269 1344 1318 40

173 1351 233 1416 hoc
255 1349 448 1415 abhorreat?
474 1347 653 1412 Fastidium
676 1346 790 1412 etenim
816 1351 880 1428 est,
904 1347 936 1410 in
958 1347 1051 1412 rebus
1074 1348 1292 1415 manifestissi-

172 1452 232 1516 mis
255 1451 460 1534 probationes
483 1448 651 1514 adducere.

563 1655 684 1728 [cnruu
706 1671 763 1716 xv.
788 1649 902 1735 (xtuli

257 1806 353 1870 Item:
382 1801 467 1867 Illud
490 1803 576 1883 quod
598 1809 646 1867 est
677 1807 784 1869 contra
809 1808 955 1866 naturam
978 1802 1130 1888 alicujus,
1160 1827 1222 1872 non
1247 1813 1296 1873 est

172 1907 211 1972 de
241 1926 372 1971 numero
404 1926 531 1970 suarum
559 1904 724 1986 uirtutum,
760 1924 854 1985 quum
884 1904 1016 1969 virtutes
1045 1905 1294 1990 uniuscujusque

172 2008 220 2074 rei
255 2011 487 2090 consequantur
519 2013 664 2070 naturam
698 2005 782 2089 ejus,
817 2012 946 2090 propter
976 2005 1048 2070 linis
1082 2005 1294 2092 adeptionem.

173 2109 240 2177 Sed
257 2110 358 2174 virtus
374 2105 588 2174 auctorizandi
604 2127 735 2190 regnum
751 2113 876 2173 nostrae
893 2107 1106 2190 mortalitatis
1123 2114 1172 2175 est
1187 2115 1296 2175 contra

171 2216 318 2276 naturam
332 2209 512 2276 Ecclesiae:
535 2229 611 2291 ergo
625 2230 689 2274 non
712 2213 761 2274 est
777 2208 817 2272 de
839 2229 968 2274 numero
984 2209 1136 2273 virtutum
1158 2230 1294 2277 suarum.
1315 2239 1329 2286 5

258 2311 310 2377 Ad
339 2310 534 2376 evidentiam
564 2317 669 2376 autem
699 2309 842 2392 minoris,
873 2307 1051 2392 sciendum,
1076 2312 1161 2394 quod
1183 2318 1297 2377 natura

171 2413 339 2480 Ecclesiae
361 2413 462 2478 forma
485 2419 533 2479 est
555 2412 728 2478 Ecclesiae.
765 2411 850 2474 Nam
866 2412 1012 2491 quamvis
1034 2420 1148 2478 natura
1170 2413 1294 2479 dicatur

173 2517 213 2582 de
242 2516 376 2581 materia
404 2520 436 2580 et
464 2515 580 2595 forma,
610 2513 755 2598 proprius
785 2517 891 2578 tamen
915 2515 1029 2580 dicitur
1058 2514 1099 2580 de
1121 2514 1238 2597 forma,
1260 2519 1296 2578 ut

173 2624 336 2685 ostensum
365 2623 414 2682 est
450 2617 482 2680 in
510 2616 657 2681 Naturali
687 2613 804 2679 auditu.
856 2617 974 2682 Forma
1002 2621 1109 2681 autem
1131 2615 1295 2682 Ecclesiae

200 2820 222 2853 ³⁴
241 2819 305 2883 sibi,
345 2816 416 2885 quod
448 2822 510 2884 post
541 2817 706 2886 priusquam
785 2816 809 2848 ΙΙ
826 2815 856 2867 F.
871 2818 1062 2886 probationem
1080 2817 1177 2871 adduc.

242 2902 319 2956 daret
351 2901 477 2954 exhibent
501 2900 592 2966 editt,
618 2914 707 2968 neque
761 2900 825 2968 Cap.
845 2900 903 2952 XV.
940 2901 1109 2955 ⁴1⁴¹.or'rtus
1133 2899 1297 2955 auctoraudi

211 2982 213 2987 ⁴
242 2987 344 3041 habent
376 2985 466 3050 codd.,
500 2999 587 3053 neque
613 2983 709 3037 habuit
804 2985 920 3038 6Α.Μ.
939 2985 970 3039 Ρ.
989 2985 1126 3040 sciendum
1147 2983 1280 3054 estquod

241 3071 361 3124 Ficinus
804 3070 813 3098 ⁷
831 3069 862 3121 P.
881 3074 981 3123 tratura
999 3086 1062 3123 esse
1071 3070 1166 3139 formu
1184 3076 1224 3123 est

200 3158 223 3191 ³⁶
241 3156 273 3211 L.
291 3156 322 3209 P.
348 3154 427 3220 Quod
449 3159 537 3207 autem
563 3154 596 3208 ab
615 3155 708 3223 aliquo
806 3154 816 3185 ⁸
833 3154 865 3206 A.
884 3154 917 3206 H.
932 3154 963 3207 P.
982 3154 1015 3207 V.
1036 3171 1089 3224 per
1108 3156 1189 3224 prius
1207 3159 1295 3207 tamen

241 3272 274 3281 -
292 3241 323 3294 F.
344 3239 422 3305 Quod
438 3240 471 3293 ab
490 3239 583 3308 aliquo
828 3239 928 3292 elicitur

200 3328 222 3361 ³⁷
240 3327 270 3380 L.
289 3327 415 3397 superius
431 3323 576 3392 nrooifestc
594 3322 709 3376 diota-
805 3323 870 3376 9ΙΙΙ.
896 3330 1031 3377 ostensum
1061 3328 1100 3376 est
1123 3339 1177 3394 per
1204 3322 1296 3377 Philo·

242 3411 279 3464 Μ.
298 3411 425 3480 superz'as
442 3408 514 3462 dieta
532 3439 566 3446 -
580 3408 612 3460 A.
630 3423 710 3477 supc-
829 3406 943 3479 sopbum
969 3409 996 3461 iu
1023 3405 1075 3460 bh's
1099 3424 1169 3477 quae
1191 3407 1224 3462 de
1247 3424 1295 3461 rou·

241 3496 300 3549 rius
316 3494 394 3563 sacta
830 3493 914 3546 curali
930 3494 1027 3547 credita
1048 3524 1075 3533 —
1092 3491 1123 3544 F.
1141 3500 1191 3546 cst.
1209 3497 1250 3545 est
1267 3493 1294 3545 in

201 3579 224 3612 ³⁸
242 3580 275 3632 A.
293 3578 327 3631 H.
346 3577 378 3630 L.
393 3578 430 3632 M.
446 3578 477 3632 P.
488 3576 615 3630 —Editt
636 3575 710 3645 quod
828 3576 862 3631 dc
879 3584 969 3631 oratur.
989 3576 1053 3630 arrd.

243 3664 322 3717 etiam
346 3679 457 3717 assensu
482 3662 599 3715 carnium
624 3691 657 3697 —
674 3659 708 3712 V.

243 3747 317 3817 quod
334 3755 360 3801 et
377 3747 537 3802 adsensum
556 3745 673 3798 oninium

243 3934 315 4002 Cap.
333 3932 398 3987 XV.
452 3932 674 3986 ⁹Au1su0uanus
701 3933 855 4002 Physica
880 3933 940 3986 Lib.
968 3932 1001 3984 ll.
1031 3948 1089 4001 cap.
1120 3937 1140 3985 l.
1169 3932 1239 3992 tlect.
1258 3937 1294 4000 2.)

177 4002 272 4057 transl,
291 4008 341 4055 vet.
379 4000 456 4064 „Uno
482 3999 586 4067 quidem
610 4001 688 4055 modo
713 4006 811 4054 natura
833 4002 872 4054 sic
896 4000 1010 4065 dicitur,
1037 4002 1122 4069 primo
1150 4001 1295 4070 unicuique

175 4071 300 4138 subjecta
317 4068 462 4123 materia
480 4069 637 4122 habentium
655 4069 682 4122 in
701 4070 894 4136 seipsismotus
912 4067 1075 4138 principium
1093 4075 1120 4122 et
1128 4069 1293 4124 mutationis.

175 4138 237 4192 Alio
255 4144 345 4192 autem
364 4137 442 4192 modo
460 4137 547 4190 forma
562 4144 589 4190 et
607 4138 718 4206 speclea,
738 4153 806 4205 quae
824 4144 865 4191 est
884 4136 1031 4190 secundum
1049 4137 1188 4190 rationem.
1216 4138 1294 4205 Quod

176 4213 267 4261 autem
284 4210 327 4261 est
344 4222 377 4260 ex
393 4207 449 4270 his,
473 4213 571 4259 natura
597 4206 702 4275 quidem
725 4220 780 4259 non
798 4212 853 4269 est,
877 4205 924 4259 secl
942 4208 1088 4266 enatura,
1107 4208 1137 4259 ut
1154 4205 1248 4260 homo:
1267 4212 1294 4260 et

175 4275 261 4343 magis
278 4279 376 4329 natura
394 4283 435 4329 est
452 4291 531 4343 quam
549 4275 663 4329 materia
682 4317 687 4328 .
708 4316 714 4328 .
734 4313 739 4326 .
775 4273 898 4342 Amplius
915 4273 948 4327 fit
966 4288 999 4326 ex
1017 4273 1124 4328 homine
1141 4273 1229 4339 homo,
1247 4274 1294 4329 sed
