2940 5040
544 342 756 399 VERSIONES.
1127 342 1217 398 LXXI

184 518 213 579 3.
248 515 597 581 Mssnrnnnooursnus
619 516 661 579 ΙΙ.
706 515 808 581 Oiass.
824 515 932 581 XXX.
954 517 1014 582 No.
1031 521 1103 584 217.
1120 536 1217 582 mern·

99 626 228 690 brenac.
251 625 285 690 in
300 632 422 707 quarto,
445 644 528 690 saec.
545 625 616 690 XV.
660 627 792 692 Turrius
812 627 904 692 initio
926 633 959 693 et
978 627 1012 692 in
1030 627 1136 695 medio
1151 647 1217 692 rnu-

99 734 189 799 tiium
213 755 285 801 curn
308 734 393 815 dicit,
417 736 613 800 accuratiora
634 743 741 802 tamen
764 757 829 801 non
852 737 1002 803 referens.

184 851 213 913 4.
246 843 363 911 Codice
384 846 497 911 illustr.
520 846 712 914 Marchionis
735 847 815 912 Gnu
837 845 1012 928 orpporn,
1039 855 1074 913 ut
1095 855 1216 913 textum

99 975 139 1021 ex
153 955 450 1038 Magliabecchiano
466 955 644 1020 desumtum
666 956 742 1022 inde
757 956 952 1041 emendaret,
976 978 1011 1024 se
1033 979 1123 1024 usum
1146 977 1217 1023 esse

99 1072 232 1131 testatur
254 1065 463 1131 Fraticeilius.

185 1181 214 1240 5.
256 1173 405 1241 Codicem
434 1177 651 1259 chartaceum,
680 1178 713 1241 in
742 1185 854 1259 quarto
883 1179 997 1244 minori
1021 1198 1104 1244 saec.
1127 1178 1216 1243 XVI.

99 1285 261 1369 scriptum,
285 1293 317 1351 et
339 1285 549 1351 divisionibus
564 1292 629 1350 tarn
645 1287 807 1368 librorum,
831 1307 924 1371 quarn
946 1289 1084 1372 capitum
1107 1309 1218 1355 caren-

99 1404 172 1478 tem,
196 1396 272 1460 dum
294 1403 378 1462 esset
399 1396 615 1462 honestissimi
638 1397 830 1478 Linnnnnr,
859 1399 1055 1483 bibliopolae
1077 1399 1217 1483 Scaphu·

100 1506 186 1586 sani,
216 1507 287 1590 ipse
314 1506 462 1572 manibus
491 1508 628 1573 versavi.
679 1508 763 1572 Nurn
785 1529 861 1575 vero
883 1509 1020 1591 interim,
1044 1515 1076 1575 et
1097 1509 1146 1574 oni
1170 1508 1217 1574 di-

99 1617 249 1683 venditus
271 1616 322 1699 sit‚
345 1618 466 1699 ignoro.

183 1888 273 1954 Alios
295 1887 391 1971 hujus
412 1888 568 1954 versionis
590 1889 730 1971 codices,
760 1908 839 1972 quos
861 1896 988 1956 exstare
1010 1910 1074 1954 non
1098 1890 1217 1973 dubito,

101 2019 193 2081 quum
216 1998 319 2064 solum
341 1998 475 2063 latinum
497 2005 618 2064 textum
647 1998 743 2065 edere
770 1999 1003 2081 constituerim,
1034 2001 1219 2083 conquirere

101 2130 164 2175 non
187 2127 305 2175 curari.

184 2378 368 2459 Editiones,
407 2398 489 2461 quae
522 2379 676 2446 hactenus
708 2379 911 2464 prodierunt,
946 2380 978 2444 in
1013 2381 1218 2447 recensendis

102 2491 200 2575 ipsius
223 2491 265 2556 de
279 2489 464 2555 Monarchia
479 2490 584 2573 operis
602 2490 795 2556 editionibus
816 2490 875 2556 snb
896 2490 991 2556 annis
1016 2493 1106 2573 1839,
1127 2495 1217 2570 1841,

105 2604 195 2685 1844,
222 2603 313 2677 1853,
340 2603 475 2665 rueret
500 2603 577 2664 1861
603 2600 798 2666 enumeravi.

536 2886 566 2938 B.
603 2884 782 2941 ANONYMI.

188 3047 216 3107 1.
257 3041 367 3108 Codex
396 3042 652 3109 Rroonnmsnus
681 3041 741 3104 No.
767 3045 857 3108 1013.
886 3041 1024 3108 chartac.
1061 3043 1095 3107 in
1130 3043 1218 3125 folio,

103 3170 183 3218 saec.
207 3151 279 3216 XV.
329 3150 515 3216 Monarchia
542 3151 678 3216 habetur
704 3150 782 3216 inde
809 3171 830 3215 a
857 3150 911 3216 foi.
940 3157 990 3216 45.
1041 3153 1219 3237 Inscriptio,

102 3262 258 3329 referente
279 3262 403 3343 Turrio,
436 3261 517 3326 haec
539 3269 602 3327 est:
634 3261 824 3324 Incomr'oedo
845 3262 871 3323 il
891 3260 970 3324 libro
993 3262 1147 3325 de'Doote
1162 3264 1219 3326 Ar-

103 3372 228 3456 liqlrieri
264 3373 299 3435 di
335 3372 491 3443 Ferreae,
529 3370 682 3435 ediomoto
716 3371 917 3443 Monarchia,
956 3371 1022 3434 cine
1061 3374 1219 3457 preacipio

103 3483 242 3546 dordine
263 3483 299 3545 di
317 3503 457 3565 reqqere.
507 3481 703 3565 Subscriptio
725 3502 801 3548 vcro
828 3481 918 3547 talis:
946 3480 1052 3544 Frirr'to
1075 3483 1106 3545 lu
1128 3482 1219 3546 Mon-

103 3593 209 3655 archia
232 3593 267 3656 di
284 3593 392 3656 Dente
407 3591 586 3675 Aliiqhieri,
604 3602 701 3670 poeto
724 3591 899 3667 florentino,
922 3612 937 3654 e
961 3594 1072 3654 scritto
1090 3614 1152 3677 per
1172 3615 1219 3656 me

102 3703 261 3766 Pr’erozzo
284 3703 319 3766 dr?
338 3703 511 3767 Domenieo
534 3703 568 3764 di
587 3701 710 3786 Jocopo
733 3702 786 3766 De
808 3703 941 3774 Roseior
963 3723 980 3764 e
991 3701 1090 3787 finito
1112 3713 1219 3786 questo

103 3813 133 3876 dr
167 3812 279 3875 XVII.
315 3814 349 3875 di
385 3811 507 3896 Ginooo
536 3809 629 3875 1461.
681 3813 768 3878 Haec
795 3833 871 3879 vero
893 3813 1045 3896 temporis
1066 3811 1219 3878 indicatio

102 3922 196 3990 iidem
224 3922 331 3989 facere
358 3923 497 4005 videtur,
526 3929 560 3988 ut
587 3928 674 3988 recte
695 3931 804 3987 monet
825 3923 966 4004 Turrius,
994 3923 1079 3987 hanc
1102 3924 1220 3988 versio·
1320 3893 1330 3919 i

102 4053 190 4116 nem,
220 4033 310 4117 cujus
332 4033 508 4116 specimina
530 4032 719 4116 appendicis
740 4033 810 4098 loco
833 4033 903 4115 ipse
925 4030 1028 4112 dedit,
1053 4031 1220 4098 Viciniana

102 4163 173 4211 esse
196 4144 399 4210 anteriorem.

187 4258 217 4320 2.
254 4254 508 4321 Sconrnnnnsrs.
559 4252 725 4329 Oodioem,
754 4272 848 4334 quem
876 4253 926 4318 his
947 4252 1053 4319 verbis
1072 4246 1221 4320 recenset
