2940 5040
218 1241 441 1327 [DANTIS
464 1245 806 1326 ALLIGHERH
830 1244 1181 1327 FLORENTINI

559 1380 852 1448 nounnoumn.

525 1551 651 1612 LIBER
674 1551 881 1614 SECUNDUS

175 1647 352 1717 QUOMODO
371 1647 547 1704 ROMANUS
564 1648 729 1705 POPULUS
747 1650 797 1704 DE
816 1651 909 1706 JURE
928 1652 998 1706 SIBI
1014 1649 1237 1708 ADSOIVERIT

334 1732 511 1788 OFFICIUM
529 1734 774 1789 MONAROHIAE
793 1736 875 1790 SIVE
893 1735 1058 1801 IMPERII]

615 1876 735 1953 [onnus
756 1877 789 1951 1.]

227 2009 353 2093 „Quare
369 2008 562 2076 fremuerunt
576 2016 698 2097 gentes,
715 2016 747 2078 et
761 2011 872 2096 populi
885 2010 1030 2077 meditati
1045 2015 1117 2075 sunt
1133 2010 1264 2077 inania?

143 2111 342 2178 Adstiterunt
363 2128 456 2191 reges
479 2115 598 2194 terrae,
627 2117 659 2177 et
681 2113 840 2198 principes
870 2116 1083 2178 convenerunt
1112 2112 1146 2175 in
1168 2130 1263 2176 unum

144 2213 297 2280 adversus
312 2213 493 2298 Dominum,
516 2218 548 2280 et
569 2212 723 2280 adversus
740 2214 899 2280 Christum
921 2215 1000 2298 ejus.
1038 2214 1265 2298 Dirumpamus

144 2316 270 2382 vinoula
293 2335 411 2399 eorum,
435 2322 467 2380 et
488 2315 695 2401 projiciamus
717 2337 737 2381 a
758 2316 850 2381 nobis
868 2316 982 2400 jugum
1003 2313 1187 2400 ipsorum!“

163 2496 166 2501 Ι
231 2416 319 2482 Siout
333 2418 375 2482 ad
397 2417 512 2483 faeiem
527 2436 643 2483 oausae
654 2438 721 2483 non
734 2417 960 2502 pertingentes,
983 2436 1099 2482 novum
1116 2417 1263 2483 effectum
1281 2441 1296 2490 5

145 2520 351 2587 communiter
373 2518 574 2603 admiramur,
599 2520 653 2604 sie,
678 2539 773 2600 quum
802 2538 931 2584 oausam
957 2518 1185 2602 cognoscimus,
1209 2537 1264 2584 eos

146 2622 199 2703 qui
221 2626 294 2686 sunt
316 2620 350 2685 in
372 2620 581 2687 admiratione
604 2626 770 2706 restantes,
795 2621 933 2702 quadarn
948 2619 1105 2687 derisione
1128 2617 1262 2702 despici-

145 2744 222 2789 mus.
263 2722 457 2788 Admirabar
478 2723 625 2805 equidem
648 2722 836 2806 aliquando,
859 2723 1035 2789 Romanum
1057 2720 1210 2806 populum
1231 2719 1265 2784 in

145 2824 229 2892 Orbe
251 2829 404 2893 terrarum
428 2825 496 2892 sine
518 2826 586 2890 ulla
607 2824 788 2890 resistentia
809 2824 908 2890 fuisse
929 2811 1141 2908 praefectum
1160 2840 1264 2904 *quum

144 2932 266 2991 tantum
289 2925 529 3011 superficialiter
550 2927 685 3010 intuens,
707 2926 798 2990 illum
814 2926 901 2991 nullo
920 2925 1001 3009 jure,
1025 2923 1082 2993 sed
1105 2943 1263 2990 armorum
1284 2951 1315 3002 to

144 3027 363 3095 tantummodo
387 3028 554 3112 violentia,
577 3029 752 3095 obtinuisse
775 3029 960 3094 arbitrabar.
1007 3024 1072 3094 Sed
1094 3031 1264 3112 postquam

560 3195 721 3234 Annorum
740 3194 858 3234 causton.

145 3297 211 3368 Oap.
228 3298 250 3351 I.
297 3299 307 3330 ³
334 3297 366 3353 F.
394 3297 425 3351 P.
455 3297 525 3351 Edd.
553 3296 680 3352 Disrum-
816 3296 847 3350 P.
875 3297 909 3356 V.
935 3301 962 3350 et
987 3295 1095 3366 quidem
1127 3323 1160 3335 -
1194 3293 1265 3350 Edd.

208 3399 311 3454 pamas
806 3381 938 3453 sr'quidem

185 3471 196 3503 ¹
213 3467 247 3521 H.
265 3484 364 3523 novum
382 3468 506 3537 officium
817 3465 967 3538 ulr'quando
985 3465 1060 3522 deest
1082 3465 1111 3520 in
1131 3464 1189 3521 cod.
1207 3463 1264 3519 Fel.

183 3555 195 3586 ¹
212 3553 243 3606 F.
261 3552 380 3624 quadam
398 3552 532 3608 decutiens
770 3553 832 3606 9Δ.
850 3551 882 3607 V.
901 3552 989 3621 fut'sse
1000 3551 1158 3623 perfeetum

188 3639 198 3671 ¹
215 3638 248 3691 A.
262 3637 296 3692 H.
311 3637 523 3694 Admz'rabamur
534 3668 566 3678 -
576 3637 605 3692 P.
620 3637 680 3692 Ad·
760 3639 781 3670 ¹⁰
798 3636 866 3691 Edd.
877 3642 939 3706 post
956 3636 1046 3700 illum,
1064 3652 1119 3691 non
1128 3650 1190 3692 vero
1200 3637 1264 3705 post

213 3724 336 3780 intrabile
801 3723 907 3776 intuens
924 3721 1091 3789 distinguunt

451 3875 488 3914 AD
506 3874 791 3913 luunmnusnulom
808 3873 963 3915 nucleum.

215 3976 287 4047 Osp.
306 3978 333 4034 1.
371 3981 378 4010 ¹
396 3978 511 4033 Psalm
531 3983 552 4031 1.
572 3995 595 4030 v.
617 3982 700 4031 1-3.
736 3977 844 4031 Actus
862 3975 1018 4044 Apostol:
1037 3979 1062 4028 4.
1080 3991 1104 4028 v.
1123 3977 1164 4029 25.
1184 3976 1224 4026 rt.

149 4048 169 4079 ¹¹
187 4044 291 4100 Eadem
308 4046 365 4101 fere
382 4046 487 4102 ratione
497 4047 701 4101 Ensnnsnarus
720 4045 805 4099 abbas
816 4044 1015 4098 Announnnsrs
1033 4042 1075 4097 De
1092 4047 1155 4096 ortu
1173 4047 1200 4096 et
1212 4040 1265 4096 fine

146 4113 262 4169 Romani
278 4115 383 4184 imperii
401 4130 460 4183 cap.
485 4120 521 4168 ll.
558 4114 759 4178 „Certissimum
777 4117 819 4166 est
837 4111 1007 4176 exhistoriis‚
1026 4111 1097 4180 quod
1114 4108 1266 4164 Romanum

147 4198 259 4250 regnum
278 4190 304 4238 et
321 4183 462 4253 imperium
480 4183 514 4237 ab
532 4183 609 4237 initio
628 4180 753 4237 conditae
770 4180 845 4236 urbis
869 4196 924 4234 non
941 4180 1025 4234 crevit
1041 4194 1128 4246 neque
1144 4178 1266 4248 pervenit

147 4251 182 4306 ad
200 4266 279 4306 suum
296 4255 412 4317 statum,
436 4250 489 4305 nisi
505 4250 607 4307 vicinos
625 4249 724 4321 primo,
747 4255 775 4304 et
795 4248 890 4304 deinde
913 4251 1044 4316 remotos,
1069 4263 1102 4303 ac
1119 4245 1265 4302 remotissi-
