2940 5040
208 309 247 372 30
402 310 536 366 DANTIS
554 310 773 368 MONARCHIA
789 313 811 369 1.
830 313 859 370 C.
882 318 920 368 ll.
939 317 1001 380 (16),
1021 319 1061 369 15.
1080 319 1142 383 (17.)

208 483 294 565 quod
315 483 427 551 melius
451 487 508 549 est.
552 482 593 547 Et
616 504 728 568 quum,
759 484 891 552 duorum
913 491 1035 552 tantum
1057 488 1140 552 inter
1161 506 1213 572 se,
1243 487 1324 556 idem

207 586 249 652 sit
270 585 383 650 melius
405 591 437 650 et
460 585 629 669 optimum,
652 607 848 669 consequens
872 594 930 671 est,
952 610 1015 655 non
1038 589 1140 656 solum
1162 589 1235 656 Deo
1257 611 1323 659 esse

155 704 186 753 55
206 687 433 770 acceptabilius
461 687 536 770 hoc,
565 687 646 753 inter
674 687 749 754 hoc:
782 709 897 754 unum
920 695 951 756 θῖ
980 691 1074 756 haec:
1102 691 1237 776 plura,
1271 692 1324 759 scd

102 811 108 825 ·
205 788 537 874 acceptabilissimum.
582 787 675 856 Unde
697 791 853 873 sequitur,
882 791 1054 858 humanum
1082 812 1184 876 genus
1207 793 1322 879 optimc

204 912 238 960 se
262 893 389 974 habere,
412 910 508 972 quum
530 891 571 956 ab
594 910 656 957 uno
678 892 806 972 regitur.
843 891 885 956 Et
906 893 952 959 sic
967 893 1010 958 ad
1025 894 1105 961 benc
1121 914 1192 962 esse
1206 895 1323 981 mnndi,

204 1014 334 1061 necesse
357 1001 404 1061 est
425 991 643 1058 Monarchiam
665 1012 744 1059 esse.

588 1201 708 1274 [cucur
730 1217 788 1263 xv.
812 1195 936 1283 (xvu.)l
992 1194 995 1202 ’

286 1336 366 1401 Item
389 1333 469 1415 dico,
494 1330 580 1413 quod
601 1352 682 1416 ens,
709 1338 892 1417 clunem,
922 1338 954 1400 θῖ
975 1333 1134 1418 bonum,
1163 1335 1322 1417 gradatim

201 1457 235 1501 se
258 1436 377 1502 habent
399 1434 572 1500 secundum
595 1434 737 1517 quintum
758 1434 888 1500 modum
910 1434 1038 1502 dicendi
1063 1435 1200 1519 „ptiust
1247 1437 1322 1504 Ens

202 1537 286 1603 enim
307 1540 420 1601 natura
442 1534 605 1620 praecedit
626 1555 755 1618 unum,
782 1555 878 1602 unum
901 1559 975 1605 vero
998 1538 1154 1622 bonum;
1184 1540 1322 1607 maxime

200 1638 285 1705 enim
314 1657 369 1703 ens
397 1637 535 1703 maxime
565 1643 612 1703 est
633 1657 745 1720 unum,
768 1642 800 1702 et
822 1636 960 1702 maxime
982 1655 1078 1702 unum
1106 1645 1156 1705 θεῖ
1185 1641 1322 1709 maxime

166 1743 180 1791 5
199 1740 325 1805 bonum.
369 1738 411 1802 Εῖ
433 1744 551 1820 quanto
580 1737 702 1820 aliquid
724 1758 743 1802 a
765 1738 904 1805 maximo
927 1743 998 1805 ente
1021 1739 1202 1825 elongatur,
1231 1747 1321 1809 tanto

200 1844 232 1905 et
253 1840 383 1906 abesse
405 1859 510 1923 unum,
534 1845 566 1906 θῖ
579 1860 639 1923 per
653 1859 849 1923 consequens
872 1840 913 1905 ab
937 1859 1006 1906 csse
1021 1840 1147 1908 bonnm.
1187 1845 1321 1928 Propter

199 1941 285 2025 quod
316 1942 350 2006 in
378 1941 462 2008 omni
493 1960 608 2023 genere
635 1961 740 2007 rerum
769 1940 850 2006 illud
879 1948 928 2008 θεῖ
956 1941 1124 2027 optimum,
1158 1944 1247 2027 quod
1274 1950 1322 2012 est

198 2045 337 2112 maxime
350 2063 456 2128 unum,
478 2049 514 2108 ut
527 2043 723 2128 Philosopho
738 2044 845 2128 placet
858 2043 892 2107 in
906 2043 955 2127 iis,
979 2063 1060 2126 quae
1077 2044 1117 2110 de
1133 2046 1320 2131 simpliciter

198 2146 288 2213 Ente.
332 2145 426 2212 Unde
449 2144 499 2229 fit,
529 2144 615 2228 quod
641 2165 738 2210 unum
768 2164 837 2212 esse
865 2144 991 2211 videtur
1019 2165 1089 2212 csse
1116 2148 1211 2214 radix
1240 2149 1317 2234 eius,

149 2269 180 2319 ro
199 2249 285 2332 quod
313 2254 362 2314 est
390 2267 461 2314 esse
490 2249 621 2333 bonum3
653 2253 685 2313 θῖ
712 2248 814 2313 multa
841 2265 927 2331 esse,
957 2247 1025 2312 eius
1056 2249 1142 2331 quod
1169 2256 1219 2316 est
1249 2272 1318 2318 esse

198 2352 325 2416 malum.
370 2350 476 2431 Quare
501 2351 701 2436 Pythagoras
723 2349 757 2413 in
779 2348 1038 2416 correlationibus
1060 2351 1141 2436 suis,
1164 2374 1206 2420 ex
1227 2359 1319 2437 parte

826 2516 940 2569 3ΕΗ.
963 2517 995 2570 L.
1020 2518 1057 2570 M.
1082 2519 1112 2572 P.
1136 2519 1319 2576 V.—A.et

850 2600 908 2656 edd.
921 2602 1150 2672 productionem
1164 2634 1198 2644 -
1215 2604 1318 2660 Eadem

221 2520 242 2551 ⁵⁴
259 2517 297 2571 M.
316 2524 342 2571 ct
358 2519 497 2589 optimum,
516 2519 675 2572 convenicus
692 2523 732 2570 est

221 2604 243 2635 ⁵⁵
261 2603 291 2656 P.
310 2632 344 2642 -
360 2602 392 2655 L.
410 2601 556 2656 daeciuter
568 2600 635 2657 leaeo
647 2617 731 2655 onom

262 2695 288 2741 ce
311 2684 362 2742 doc
381 2686 466 2758 plara
485 2718 517 2726 —
535 2689 568 2741 A.
592 2687 625 2740 Η.
648 2685 686 2740 Μ.
704 2692 732 2740 ct

262 2771 429 2840 eddantiqu.
443 2770 495 2827 doc
508 2769 730 2826 irrtmdocooum

262 2865 288 2913 ct
306 2861 356 2913 loc
372 2856 459 2928 plora
476 2886 510 2896 -
527 2856 559 2910 F.
584 2855 635 2911 doc
660 2857 730 2909 iuter

262 2943 313 2999 doc
336 2959 417 2996 coum
437 2946 463 2994 ct
480 2940 531 2996 hoc
553 2942 624 2995 inter
641 2942 729 3012 plura

260 3043 346 3096 neque
358 3027 435 3081 aliter
447 3026 526 3080 Turn.
538 3030 565 3080 et
575 3027 658 3091 Fran,
676 3025 728 3080 uisi

849 2685 972 2741 lectionis
982 2687 1097 2742 varietas
1106 2688 1317 2745 etincodicibns

849 2771 979 2826 versionis
997 2772 1085 2826 Ficini

825 2856 886 2908 ⁴A.
912 2856 1011 2911 -alii
1035 2874 1109 2913 mox.
1133 2874 1216 2911 unum
1241 2876 1315 2915 moa.

850 2942 947 2996 dorsum

824 3027 834 3058 ⁵
852 3027 884 3079 A.
902 3027 991 3097 maqis
1007 3033 1067 3080 crate
1084 3057 1117 3067 -
1134 3029 1178 3081 An
1196 3029 1315 3082 maxime

260 3110 331 3180 quod
339 3112 461 3166 ultimum
470 3109 522 3165 doc
531 3112 727 3166 ommittunt-
847 3112 928 3165 erote?

259 3198 290 3248 V.
307 3195 358 3251 doc
376 3197 423 3250 iat.
434 3213 479 3250 ure.
490 3195 722 3268 uocetlnoploro
806 3197 826 3228 ¹¹
843 3195 874 3248 F.
892 3195 935 3249 lta
959 3195 1021 3249 olim
1039 3211 1100 3249 cum
1122 3196 1217 3251 Ficino
1235 3213 1314 3266 repo-

218 3283 240 3315 ⁵⁵
257 3281 341 3336 Editt.
358 3285 470 3357 recentt.
488 3280 521 3334 ab
540 3296 594 3334 uno
611 3287 725 3351 reputor

191 3366 254 3435 (lap.
273 3365 331 3419 XV.
370 3368 377 3399 ¹
396 3365 426 3418 F.
446 3366 520 3436 quod
536 3381 584 3420 cas
597 3382 680 3419 unum
698 3371 725 3419 et

258 3452 355 3506 bornum
373 3481 406 3490 -
423 3450 454 3503 P.
472 3466 520 3504 cns
543 3457 569 3505 et
593 3466 638 3504 uro.
664 3451 723 3506 bon.

258 3565 289 3576 -
306 3536 340 3589 A.
358 3538 433 3606 qnod
449 3541 540 3589 cusat
557 3552 602 3589 ure.
622 3535 681 3589 horr.

232 3622 243 3653 ²
260 3622 292 3674 A.
311 3651 344 3660 -
361 3620 391 3673 F.
410 3620 444 3674 H.
463 3620 493 3673 L.
507 3620 545 3674 M.
556 3619 589 3673 V.
602 3620 724 3691 primum

257 3705 364 3760 modium
381 3737 415 3745 -
432 3705 461 3759 P.
482 3703 589 3759 modum
602 3705 723 3776 primum

844 3281 960 3346 suimus,
987 3296 1074 3349 neque
1103 3280 1181 3334 aliter
1202 3283 1314 3351 antiqua

843 3381 938 3420 manus
965 3366 1081 3420 correxit
1106 3366 1134 3419 in
1163 3365 1221 3421 cod.
1245 3367 1312 3422 Veu.

844 3480 877 3490 -
894 3451 927 3502 A.
947 3452 1029 3516 Quem
1047 3449 1268 3521 Pythoporcs-
1278 3452 1311 3506 H.

843 3534 874 3590 L.
902 3533 939 3587 M.
965 3535 994 3588 P.
1027 3541 1054 3590 et
1088 3535 1162 3590 editt.
1194 3538 1313 3605 (praeter

843 3618 963 3673 ultimam
981 3619 1093 3685 Fratic.)
1110 3619 1180 3685 Quia
1197 3619 1280 3691 Pytlt.

256 3842 296 3899 (lu
319 3877 328 3896 .
346 3840 412 3896 XV.
448 3842 670 3895 1Αιῖῖεεοεεεεε
688 3838 844 3907 Categoriae
860 3844 884 3895 2.
903 3839 1038 3894 Translat.
1054 3839 1188 3893 Bonnxn:
1211 3841 1307 3907 „Prius

187 3916 276 3966 alutem
285 3857 399 3965 aiterum
412 3910 496 3965 altero
504 3909 603 3963 dicitnr
613 3906 823 3976 quadrupliciter
841 3947 951 3962 .....
969 3906 1084 3961 Videtur
1090 3911 1188 3974 autern,
1198 3914 1308 3976 praeter

187 3980 297 4048 eosqui
313 3978 377 4034 dicti
401 3985 478 4044 sunt,
503 3978 572 4032 alter
589 3991 649 4031 esse
671 3976 769 4044 prioris
792 3975 895 4030 modus.
929 3976 1032 4029 Eorum
1053 3975 1124 4029 enim
1149 3992 1218 4044 quae
1242 3993 1307 4032 con·

185 4052 325 4103 vertuntur
342 4047 490 4101 secundum
506 4044 639 4101 essentiae
658 4043 885 4112 consequentiam,
907 4043 936 4102 id
959 4044 1031 4113 quod
1054 4042 1164 4098 alterius
1188 4046 1307 4113 quolibet

184 4115 263 4171 modo
285 4130 368 4170 causa
390 4118 444 4180 est,
469 4114 546 4183 digne
565 4113 646 4182 :prius
669 4117 767 4167 nutura
792 4111 890 4166 dicitnr
909 4152 914 4163 .
934 4151 940 4165 .
960 4150 991 4165 ..
1017 4109 1135 4180 Ideoque
1159 4113 1307 4169 secundnm

185 4184 302 4254 quinque
326 4181 419 4238 modos
443 4183 518 4252 prius
543 4182 657 4236 alterum
680 4180 765 4235 altero
784 4178 909 4234 dicitur.¹‘
979 4179 1200 4236 ⁵Anusnounnus
1218 4181 1306 4237 Meta·

184 4253 262 4323 phys.
281 4267 339 4320 cap.
362 4257 381 4304 l.
