<?xml version="1.0" encoding="UTF-8"?>
<!DOCTYPE html PUBLIC "-//W3C//DTD XHTML 1.0 Transitional//EN"
    "http://www.w3.org/TR/xhtml1/DTD/xhtml1-transitional.dtd">
<html xmlns="http://www.w3.org/1999/xhtml" xml:lang="en" lang="en">
 <head>
  <title>
</title>
<meta http-equiv="Content-Type" content="text/html;charset=utf-8" />
  <meta name='ocr-system' content='tesseract 3.04.00' />
  <meta name='ocr-capabilities' content='ocr_page ocr_carea ocr_par ocr_line ocrx_word'/>
</head>
<body>
  <div class='ocr_page' id='page_1' title='image "./dantisalligheri01wittgoog_0208.png"; bbox 0 0 2940 5040; ppageno 0'>
   <div class='ocr_carea' id='block_1_1' title="bbox 388 354 1209 416">
    <p class='ocr_par' dir='ltr' id='par_1_1' title="bbox 388 354 1209 416">
     <span class='ocr_line' id='line_1_1' title="bbox 388 354 1209 416; baseline 0.007 -7"><span class='ocrx_word' id='word_1_1' title='bbox 388 354 523 412; x_wconf 79' lang='lat' dir='ltr'>DANTIS</span> <span class='ocrx_word' id='word_1_2' title='bbox 540 354 758 410; x_wconf 81' lang='lat' dir='ltr'>MONAROHIA</span> <span class='ocrx_word' id='word_1_3' title='bbox 775 357 823 410; x_wconf 89' lang='lat'>111.</span> <span class='ocrx_word' id='word_1_4' title='bbox 842 356 871 411; x_wconf 80' lang='lat' dir='ltr'>G.</span> <span class='ocrx_word' id='word_1_5' title='bbox 890 362 913 413; x_wconf 86' lang='lat'>9.</span> <span class='ocrx_word' id='word_1_6' title='bbox 1149 355 1209 416; x_wconf 81' lang='grc'>117</span> 
     </span>
    </p>
   </div>
   <div class='ocr_carea' id='block_1_2' title="bbox 80 525 1258 2442">
    <p class='ocr_par' dir='ltr' id='par_1_2' title="bbox 87 525 1258 915">
     <span class='ocr_line' id='line_1_2' title="bbox 90 525 1258 610; baseline 0.009 -21"><span class='ocrx_word' id='word_1_7' title='bbox 90 525 245 608; x_wconf 81' lang='lat' dir='ltr'>„Etiamsi</span> <span class='ocrx_word' id='word_1_8' title='bbox 267 526 440 608; x_wconf 81' lang='lat' dir='ltr'><strong>oportuerit</strong></span> <span class='ocrx_word' id='word_1_9' title='bbox 456 547 507 592; x_wconf 91' lang='lat' dir='ltr'>me</span> <span class='ocrx_word' id='word_1_10' title='bbox 521 527 601 592; x_wconf 90' lang='lat' dir='ltr'>mori</span> <span class='ocrx_word' id='word_1_11' title='bbox 623 530 736 610; x_wconf 86' lang='lat' dir='ltr'>tecum,</span> <span class='ocrx_word' id='word_1_12' title='bbox 759 548 822 594; x_wconf 93' lang='lat' dir='ltr'>non</span> <span class='ocrx_word' id='word_1_13' title='bbox 844 533 876 593; x_wconf 91' lang='lat' dir='ltr'>te</span> <span class='ocrx_word' id='word_1_14' title='bbox 897 527 1053 610; x_wconf 82' lang='lat' dir='ltr'>negab0.“</span> <span class='ocrx_word' id='word_1_15' title='bbox 1086 530 1127 593; x_wconf 88' lang='lat' dir='ltr'>Et</span> <span class='ocrx_word' id='word_1_16' title='bbox 1148 529 1209 596; x_wconf 87' lang='lat' dir='ltr'>hoe</span> <span class='ocrx_word' id='word_1_17' title='bbox 1227 549 1258 600; x_wconf 77' lang='lat' dir='ltr'>ss</span> 
     </span>
     <span class='ocr_line' id='line_1_3' title="bbox 89 627 1208 711; baseline 0.004 -19"><span class='ocrx_word' id='word_1_18' title='bbox 89 627 186 692; x_wconf 92' lang='lat' dir='ltr'>etiam</span> <span class='ocrx_word' id='word_1_19' title='bbox 218 633 410 694; x_wconf 89' lang='lat' dir='ltr'>contestatur</span> <span class='ocrx_word' id='word_1_20' title='bbox 431 630 596 694; x_wconf 89' lang='lat' dir='ltr'>Marcus.</span> <span class='ocrx_word' id='word_1_21' title='bbox 650 630 778 695; x_wconf 89' lang='lat' dir='ltr'>Lucas</span> <span class='ocrx_word' id='word_1_22' title='bbox 811 650 887 696; x_wconf 89' lang='lat' dir='ltr'>vero</span> <span class='ocrx_word' id='word_1_23' title='bbox 921 629 1046 711; x_wconf 75' lang='lat' dir='ltr'>scribit,</span> <span class='ocrx_word' id='word_1_24' title='bbox 1079 631 1208 697; x_wconf 86' lang='lat' dir='ltr'>Petrum</span> 
     </span>
     <span class='ocr_line' id='line_1_4' title="bbox 88 729 1207 815; baseline 0.004 -21"><span class='ocrx_word' id='word_1_25' title='bbox 88 729 185 795; x_wconf 87' lang='lat' dir='ltr'>etiarn</span> <span class='ocrx_word' id='word_1_26' title='bbox 201 729 321 796; x_wconf 81' lang='lat' dir='ltr'>dixisse</span> <span class='ocrx_word' id='word_1_27' title='bbox 336 729 470 813; x_wconf 79' lang='lat' dir='ltr'>Christo,</span> <span class='ocrx_word' id='word_1_28' title='bbox 486 751 599 815; x_wconf 90' lang='lat' dir='ltr'>parum</span> <span class='ocrx_word' id='word_1_29' title='bbox 614 749 710 815; x_wconf 89' lang='lat' dir='ltr'>supra</span> <span class='ocrx_word' id='word_1_30' title='bbox 725 732 824 796; x_wconf 86' lang='lat' dir='ltr'>verba</span> <span class='ocrx_word' id='word_1_31' title='bbox 838 730 1015 815; x_wconf 90' lang='lat' dir='ltr'>praemissa</span> <span class='ocrx_word' id='word_1_32' title='bbox 1027 731 1067 798; x_wconf 91' lang='lat' dir='ltr'>dc</span> <span class='ocrx_word' id='word_1_33' title='bbox 1076 731 1207 813; x_wconf 82' lang='lat' dir='ltr'>gladiis:</span> 
     </span>
     <span class='ocr_line' id='line_1_5' title="bbox 87 830 1208 915; baseline 0.005 -20"><span class='ocrx_word' id='word_1_34' title='bbox 87 830 254 914; x_wconf 71' lang='lat' dir='ltr'>„Domina</span> <span class='ocrx_word' id='word_1_35' title='bbox 270 837 373 896; x_wconf 91' lang='lat' dir='ltr'>tecum</span> <span class='ocrx_word' id='word_1_36' title='bbox 388 837 518 915; x_wconf 90' lang='lat' dir='ltr'>paratus</span> <span class='ocrx_word' id='word_1_37' title='bbox 534 853 603 898; x_wconf 92' lang='lat' dir='ltr'>sum</span> <span class='ocrx_word' id='word_1_38' title='bbox 620 834 699 898; x_wconf 88' lang='lat' dir='ltr'>etin</span> <span class='ocrx_word' id='word_1_39' title='bbox 715 852 873 898; x_wconf 80' lang='lat' dir='ltr'>carcerem</span> <span class='ocrx_word' id='word_1_40' title='bbox 889 832 968 897; x_wconf 88' lang='lat' dir='ltr'>etin</span> <span class='ocrx_word' id='word_1_41' title='bbox 983 838 1117 899; x_wconf 88' lang='lat' dir='ltr'>mortem</span> <span class='ocrx_word' id='word_1_42' title='bbox 1131 832 1208 901; x_wconf 89' lang='lat' dir='ltr'>ire.“</span> 
     </span>
    </p>

    <p class='ocr_par' dir='ltr' id='par_1_3' title="bbox 86 932 1257 1224">
     <span class='ocr_line' id='line_1_6' title="bbox 172 932 1207 1018; baseline 0.002 -20"><span class='ocrx_word' id='word_1_43' title='bbox 172 932 192 998; x_wconf 91' lang='lat' dir='ltr'>J</span> <span class='ocrx_word' id='word_1_44' title='bbox 200 952 349 999; x_wconf 88' lang='lat' dir='ltr'>oannes</span> <span class='ocrx_word' id='word_1_45' title='bbox 372 939 477 1001; x_wconf 88' lang='lat' dir='ltr'>autem</span> <span class='ocrx_word' id='word_1_46' title='bbox 495 935 572 1000; x_wconf 91' lang='lat' dir='ltr'>dicit</span> <span class='ocrx_word' id='word_1_47' title='bbox 587 935 627 1000; x_wconf 88' lang='lat' dir='ltr'>de</span> <span class='ocrx_word' id='word_1_48' title='bbox 643 935 709 1018; x_wconf 89' lang='lat' dir='ltr'>illo,</span> <span class='ocrx_word' id='word_1_49' title='bbox 734 932 820 1015; x_wconf 89' lang='lat' dir='ltr'>quod</span> <span class='ocrx_word' id='word_1_50' title='bbox 837 954 933 1015; x_wconf 90' lang='lat' dir='ltr'>quum</span> <span class='ocrx_word' id='word_1_51' title='bbox 949 934 1092 1000; x_wconf 85' lang='lat' dir='ltr'>Christus</span> <span class='ocrx_word' id='word_1_52' title='bbox 1108 936 1207 1002; x_wconf 88' lang='lat' dir='ltr'>vellet</span> 
     </span>
     <span class='ocr_line' id='line_1_7' title="bbox 87 1034 1257 1121; baseline 0.003 -22"><span class='ocrx_word' id='word_1_53' title='bbox 87 1034 149 1099; x_wconf 93' lang='lat' dir='ltr'>sibi</span> <span class='ocrx_word' id='word_1_54' title='bbox 172 1036 281 1101; x_wconf 89' lang='lat' dir='ltr'>lavare</span> <span class='ocrx_word' id='word_1_55' title='bbox 303 1034 419 1118; x_wconf 86' lang='lat' dir='ltr'>pedes,</span> <span class='ocrx_word' id='word_1_56' title='bbox 449 1038 562 1102; x_wconf 89' lang='lat' dir='ltr'>Petrus</span> <span class='ocrx_word' id='word_1_57' title='bbox 591 1036 650 1102; x_wconf 88' lang='lat' dir='ltr'>ait:</span> <span class='ocrx_word' id='word_1_58' title='bbox 685 1037 857 1119; x_wconf 91' lang='lat' dir='ltr'>„Domine,</span> <span class='ocrx_word' id='word_1_59' title='bbox 881 1042 915 1101; x_wconf 92' lang='lat' dir='ltr'>tn</span> <span class='ocrx_word' id='word_1_60' title='bbox 936 1036 1015 1100; x_wconf 93' lang='lat' dir='ltr'>mihi</span> <span class='ocrx_word' id='word_1_61' title='bbox 1037 1036 1128 1100; x_wconf 87' lang='lat' dir='ltr'>lavas</span> <span class='ocrx_word' id='word_1_62' title='bbox 1151 1057 1205 1121; x_wconf 91' lang='lat' dir='ltr'>pe·</span> <span class='ocrx_word' id='word_1_63' title='bbox 1225 1040 1257 1092; x_wconf 73' lang='lat'>⁷⁰</span> 
     </span>
     <span class='ocr_line' id='line_1_8' title="bbox 86 1135 1141 1224; baseline 0.002 -24"><span class='ocrx_word' id='word_1_64' title='bbox 86 1135 144 1202; x_wconf 90' lang='lat' dir='ltr'>des</span> <span class='ocrx_word' id='word_1_65' title='bbox 152 1135 189 1199; x_wconf 70' lang='lat'>‘2⁷‘</span> <span class='ocrx_word' id='word_1_66' title='bbox 226 1136 267 1200; x_wconf 88' lang='lat' dir='ltr'>Et</span> <span class='ocrx_word' id='word_1_67' title='bbox 288 1136 385 1202; x_wconf 83' lang='lat' dir='ltr'>infra:</span> <span class='ocrx_word' id='word_1_68' title='bbox 408 1137 501 1220; x_wconf 91' lang='lat' dir='ltr'>„Non</span> <span class='ocrx_word' id='word_1_69' title='bbox 523 1138 649 1203; x_wconf 90' lang='lat' dir='ltr'>lavabis</span> <span class='ocrx_word' id='word_1_70' title='bbox 671 1138 750 1203; x_wconf 93' lang='lat' dir='ltr'>mihi</span> <span class='ocrx_word' id='word_1_71' title='bbox 771 1137 870 1224; x_wconf 89' lang='lat' dir='ltr'>pedes</span> <span class='ocrx_word' id='word_1_72' title='bbox 892 1138 925 1202; x_wconf 94' lang='lat' dir='ltr'>in</span> <span class='ocrx_word' id='word_1_73' title='bbox 948 1136 1141 1204; x_wconf 84' lang='lat' dir='ltr'>aeternum.“</span> 
     </span>
    </p>

    <p class='ocr_par' dir='ltr' id='par_1_4' title="bbox 85 1237 1206 1425">
     <span class='ocr_line' id='line_1_9' title="bbox 171 1237 1206 1324; baseline 0.004 -22"><span class='ocrx_word' id='word_1_74' title='bbox 171 1237 258 1302; x_wconf 88' lang='lat' dir='ltr'>Dicit</span> <span class='ocrx_word' id='word_1_75' title='bbox 285 1238 398 1322; x_wconf 91' lang='lat' dir='ltr'>etiam,</span> <span class='ocrx_word' id='word_1_76' title='bbox 428 1239 531 1324; x_wconf 88' lang='lat' dir='ltr'>ipsum</span> <span class='ocrx_word' id='word_1_77' title='bbox 554 1239 662 1321; x_wconf 80' lang='lat' dir='ltr'>gladio</span> <span class='ocrx_word' id='word_1_78' title='bbox 690 1239 885 1324; x_wconf 82' lang='lat' dir='ltr'>percussisse</span> <span class='ocrx_word' id='word_1_79' title='bbox 907 1239 1041 1304; x_wconf 92' lang='lat' dir='ltr'>ministri</span> <span class='ocrx_word' id='word_1_80' title='bbox 1064 1259 1206 1306; x_wconf 87' lang='lat' dir='ltr'>servum:</span> 
     </span>
     <span class='ocr_line' id='line_1_10' title="bbox 85 1337 813 1425; baseline 0.003 -22"><span class='ocrx_word' id='word_1_81' title='bbox 85 1337 171 1420; x_wconf 90' lang='lat' dir='ltr'>quod</span> <span class='ocrx_word' id='word_1_82' title='bbox 194 1338 291 1403; x_wconf 89' lang='lat' dir='ltr'>ctiam</span> <span class='ocrx_word' id='word_1_83' title='bbox 314 1341 515 1407; x_wconf 91' lang='lat' dir='ltr'>conscribunt</span> <span class='ocrx_word' id='word_1_84' title='bbox 538 1362 646 1409; x_wconf 87' lang='lat' dir='ltr'>omnes</span> <span class='ocrx_word' id='word_1_85' title='bbox 670 1348 813 1425; x_wconf 86' lang='lat' dir='ltr'>quatuor.</span> 
     </span>
    </p>

    <p class='ocr_par' dir='ltr' id='par_1_5' title="bbox 84 1440 1254 1709">
     <span class='ocr_line' id='line_1_11' title="bbox 169 1440 1205 1527; baseline 0.003 -23"><span class='ocrx_word' id='word_1_86' title='bbox 169 1440 256 1505; x_wconf 85' lang='lat' dir='ltr'>Dicit</span> <span class='ocrx_word' id='word_1_87' title='bbox 279 1441 374 1506; x_wconf 87' lang='lat' dir='ltr'>etiam</span> <span class='ocrx_word' id='word_1_88' title='bbox 397 1442 417 1508; x_wconf 91' lang='lat' dir='ltr'>J</span> <span class='ocrx_word' id='word_1_89' title='bbox 425 1462 588 1527; x_wconf 89' lang='lat' dir='ltr'>oannes,</span> <span class='ocrx_word' id='word_1_90' title='bbox 618 1444 722 1527; x_wconf 88' lang='lat' dir='ltr'>ipsum</span> <span class='ocrx_word' id='word_1_91' title='bbox 750 1440 930 1507; x_wconf 85' lang='lat' dir='ltr'>introivisse</span> <span class='ocrx_word' id='word_1_92' title='bbox 959 1441 1079 1525; x_wconf 90' lang='lat' dir='ltr'>subito,</span> <span class='ocrx_word' id='word_1_93' title='bbox 1110 1462 1205 1524; x_wconf 90' lang='lat' dir='ltr'>quum</span> 
     </span>
     <span class='ocr_line' id='line_1_12' title="bbox 85 1542 1254 1628; baseline 0.002 -22"><span class='ocrx_word' id='word_1_94' title='bbox 85 1542 171 1608; x_wconf 89' lang='lat' dir='ltr'>venit</span> <span class='ocrx_word' id='word_1_95' title='bbox 193 1542 226 1605; x_wconf 95' lang='lat' dir='ltr'>in</span> <span class='ocrx_word' id='word_1_96' title='bbox 248 1550 498 1628; x_wconf 91' lang='lat' dir='ltr'>monumentum,</span> <span class='ocrx_word' id='word_1_97' title='bbox 529 1544 642 1611; x_wconf 89' lang='lat' dir='ltr'>videns</span> <span class='ocrx_word' id='word_1_98' title='bbox 671 1544 770 1609; x_wconf 91' lang='lat' dir='ltr'>alium</span> <span class='ocrx_word' id='word_1_99' title='bbox 793 1542 983 1626; x_wconf 88' lang='lat' dir='ltr'>discipulum</span> <span class='ocrx_word' id='word_1_100' title='bbox 1006 1549 1205 1609; x_wconf 84' lang='lat' dir='ltr'>cunctantem</span> <span class='ocrx_word' id='word_1_101' title='bbox 1223 1552 1254 1603; x_wconf 78' lang='lat'>75</span> 
     </span>
     <span class='ocr_line' id='line_1_13' title="bbox 84 1642 275 1709; baseline 0.01 -2"><span class='ocrx_word' id='word_1_102' title='bbox 84 1642 127 1707; x_wconf 88' lang='lat' dir='ltr'>ad</span> <span class='ocrx_word' id='word_1_103' title='bbox 151 1644 275 1709; x_wconf 85' lang='lat' dir='ltr'>ostium.</span> 
     </span>
    </p>

    <p class='ocr_par' dir='ltr' id='par_1_6' title="bbox 83 1745 1206 2034">
     <span class='ocr_line' id='line_1_14' title="bbox 169 1745 1204 1832; baseline 0.003 -23"><span class='ocrx_word' id='word_1_104' title='bbox 169 1745 256 1810; x_wconf 92' lang='lat' dir='ltr'>Dicit</span> <span class='ocrx_word' id='word_1_105' title='bbox 277 1745 405 1830; x_wconf 88' lang='lat' dir='ltr'>iterum,</span> <span class='ocrx_word' id='word_1_106' title='bbox 430 1747 515 1828; x_wconf 92' lang='lat' dir='ltr'>quod</span> <span class='ocrx_word' id='word_1_107' title='bbox 531 1746 703 1813; x_wconf 82' lang='lat' dir='ltr'>exsistente</span> <span class='ocrx_word' id='word_1_108' title='bbox 725 1747 803 1813; x_wconf 87' lang='lat' dir='ltr'>Jesu</span> <span class='ocrx_word' id='word_1_109' title='bbox 824 1747 857 1811; x_wconf 94' lang='lat' dir='ltr'>in</span> <span class='ocrx_word' id='word_1_110' title='bbox 880 1747 986 1830; x_wconf 89' lang='lat' dir='ltr'>litore,</span> <span class='ocrx_word' id='word_1_111' title='bbox 1008 1754 1083 1832; x_wconf 85' lang='lat' dir='ltr'>post</span> <span class='ocrx_word' id='word_1_112' title='bbox 1104 1766 1204 1812; x_wconf 88' lang='lat' dir='ltr'>resur-</span> 
     </span>
     <span class='ocr_line' id='line_1_15' title="bbox 83 1847 1206 1930; baseline 0.002 -19"><span class='ocrx_word' id='word_1_113' title='bbox 83 1847 263 1930; x_wconf 82' lang='lat' dir='ltr'>rectionem,</span> <span class='ocrx_word' id='word_1_114' title='bbox 288 1867 384 1928; x_wconf 89' lang='lat' dir='ltr'>quum</span> <span class='ocrx_word' id='word_1_115' title='bbox 406 1850 519 1914; x_wconf 86' lang='lat' dir='ltr'>Petrus</span> <span class='ocrx_word' id='word_1_116' title='bbox 542 1847 683 1914; x_wconf 87' lang='lat' dir='ltr'>audisset</span> <span class='ocrx_word' id='word_1_117' title='bbox 707 1848 782 1929; x_wconf 93' lang='lat' dir='ltr'>quia</span> <span class='ocrx_word' id='word_1_118' title='bbox 803 1848 960 1914; x_wconf 87' lang='lat' dir='ltr'>Dominus</span> <span class='ocrx_word' id='word_1_119' title='bbox 983 1854 1075 1930; x_wconf 87' lang='lat' dir='ltr'>esset,</span> <span class='ocrx_word' id='word_1_120' title='bbox 1099 1847 1206 1913; x_wconf 88' lang='lat' dir='ltr'>tunica</span> 
     </span>
     <span class='ocr_line' id='line_1_16' title="bbox 83 1947 1054 2034; baseline -0.001 -20"><span class='ocrx_word' id='word_1_121' title='bbox 83 1948 243 2015; x_wconf 87' lang='lat' dir='ltr'>subcinxit</span> <span class='ocrx_word' id='word_1_122' title='bbox 264 1969 299 2014; x_wconf 90' lang='lat' dir='ltr'>se</span> <span class='ocrx_word' id='word_1_123' title='bbox 324 1947 407 2031; x_wconf 87' lang='lat' dir='ltr'>(erat</span> <span class='ocrx_word' id='word_1_124' title='bbox 428 1950 512 2018; x_wconf 88' lang='lat' dir='ltr'>enim</span> <span class='ocrx_word' id='word_1_125' title='bbox 533 1947 661 2034; x_wconf 84' lang='lat' dir='ltr'>nudus),</span> <span class='ocrx_word' id='word_1_126' title='bbox 684 1956 716 2016; x_wconf 88' lang='lat' dir='ltr'>et</span> <span class='ocrx_word' id='word_1_127' title='bbox 738 1948 823 2012; x_wconf 90' lang='lat' dir='ltr'>misit</span> <span class='ocrx_word' id='word_1_128' title='bbox 846 1969 881 2015; x_wconf 89' lang='lat' dir='ltr'>se</span> <span class='ocrx_word' id='word_1_129' title='bbox 904 1950 936 2013; x_wconf 94' lang='lat' dir='ltr'>in</span> <span class='ocrx_word' id='word_1_130' title='bbox 958 1969 1054 2015; x_wconf 90' lang='lat' dir='ltr'>mare.</span> 
     </span>
    </p>

    <p class='ocr_par' dir='ltr' id='par_1_7' title="bbox 80 2048 1255 2235">
     <span class='ocr_line' id='line_1_17' title="bbox 167 2048 1255 2134; baseline -0.005 -18"><span class='ocrx_word' id='word_1_131' title='bbox 167 2051 288 2116; x_wconf 91' lang='lat' dir='ltr'>Ultimo</span> <span class='ocrx_word' id='word_1_132' title='bbox 312 2049 398 2134; x_wconf 89' lang='lat' dir='ltr'>dicit,</span> <span class='ocrx_word' id='word_1_133' title='bbox 423 2051 508 2132; x_wconf 91' lang='lat' dir='ltr'>quod</span> <span class='ocrx_word' id='word_1_134' title='bbox 532 2070 628 2131; x_wconf 89' lang='lat' dir='ltr'>quum</span> <span class='ocrx_word' id='word_1_135' title='bbox 643 2052 756 2117; x_wconf 89' lang='lat' dir='ltr'>Petrus</span> <span class='ocrx_word' id='word_1_136' title='bbox 778 2048 912 2116; x_wconf 88' lang='lat' dir='ltr'>vidisset</span> <span class='ocrx_word' id='word_1_137' title='bbox 933 2050 1099 2133; x_wconf 79' lang='lat' dir='ltr'>ioannem,</span> <span class='ocrx_word' id='word_1_138' title='bbox 1123 2049 1205 2116; x_wconf 83' lang='lat' dir='ltr'>dixit</span> <span class='ocrx_word' id='word_1_139' title='bbox 1223 2060 1255 2112; x_wconf 82' lang='lat'>80</span> 
     </span>
     <span class='ocr_line' id='line_1_18' title="bbox 80 2151 719 2235; baseline -0.003 -18"><span class='ocrx_word' id='word_1_140' title='bbox 80 2152 174 2219; x_wconf 88' lang='lat' dir='ltr'>Jesu:</span> <span class='ocrx_word' id='word_1_141' title='bbox 197 2152 371 2235; x_wconf 91' lang='lat' dir='ltr'>„Domine,</span> <span class='ocrx_word' id='word_1_142' title='bbox 394 2152 446 2217; x_wconf 89' lang='lat' dir='ltr'>hic</span> <span class='ocrx_word' id='word_1_143' title='bbox 468 2159 575 2218; x_wconf 87' lang='lat' dir='ltr'>autem</span> <span class='ocrx_word' id='word_1_144' title='bbox 598 2151 719 2234; x_wconf 75' lang='lat' dir='ltr'>quid?⁷‘</span> 
     </span>
    </p>

    <p class='ocr_par' dir='ltr' id='par_1_8' title="bbox 81 2251 1203 2442">
     <span class='ocr_line' id='line_1_19' title="bbox 166 2251 1203 2337; baseline 0.002 -19"><span class='ocrx_word' id='word_1_145' title='bbox 166 2253 265 2318; x_wconf 84' lang='lat' dir='ltr'>Juvat</span> <span class='ocrx_word' id='word_1_146' title='bbox 288 2253 405 2337; x_wconf 88' lang='lat' dir='ltr'>quippe</span> <span class='ocrx_word' id='word_1_147' title='bbox 428 2254 507 2319; x_wconf 88' lang='lat' dir='ltr'>talia</span> <span class='ocrx_word' id='word_1_148' title='bbox 530 2253 570 2320; x_wconf 88' lang='lat' dir='ltr'>dc</span> <span class='ocrx_word' id='word_1_149' title='bbox 592 2251 851 2319; x_wconf 87' lang='lat' dir='ltr'>Archimandrita</span> <span class='ocrx_word' id='word_1_150' title='bbox 878 2258 985 2319; x_wconf 85' lang='lat' dir='ltr'>nostro</span> <span class='ocrx_word' id='word_1_151' title='bbox 1013 2253 1046 2317; x_wconf 92' lang='lat' dir='ltr'>in</span> <span class='ocrx_word' id='word_1_152' title='bbox 1075 2253 1203 2320; x_wconf 88' lang='lat' dir='ltr'>laudem</span> 
     </span>
     <span class='ocr_line' id='line_1_20' title="bbox 81 2355 1203 2442; baseline -0.002 -20"><span class='ocrx_word' id='word_1_153' title='bbox 81 2377 158 2423; x_wconf 92' lang='lat' dir='ltr'>suae</span> <span class='ocrx_word' id='word_1_154' title='bbox 181 2355 328 2442; x_wconf 89' lang='lat' dir='ltr'>puritatis</span> <span class='ocrx_word' id='word_1_155' title='bbox 357 2355 573 2438; x_wconf 86' lang='lat' dir='ltr'>continuasse,</span> <span class='ocrx_word' id='word_1_156' title='bbox 602 2355 635 2420; x_wconf 93' lang='lat' dir='ltr'>in</span> <span class='ocrx_word' id='word_1_157' title='bbox 664 2355 779 2437; x_wconf 91' lang='lat' dir='ltr'>quibus</span> <span class='ocrx_word' id='word_1_158' title='bbox 807 2362 917 2438; x_wconf 86' lang='lat' dir='ltr'>aperte</span> <span class='ocrx_word' id='word_1_159' title='bbox 947 2355 1203 2440; x_wconf 87' lang='lat' dir='ltr'>deprehenditur,</span> 
     </span>
    </p>
   </div>
   <div class='ocr_carea' id='block_1_3' title="bbox 104 2529 1204 3533">
    <p class='ocr_par' dir='ltr' id='par_1_9' title="bbox 107 2529 1203 2841">
     <span class='ocr_line' id='line_1_21' title="bbox 107 2529 1200 2598; baseline 0 -13"><span class='ocrx_word' id='word_1_160' title='bbox 107 2533 130 2565; x_wconf 79' lang='lat'>⁷⁵</span> <span class='ocrx_word' id='word_1_161' title='bbox 147 2532 234 2586; x_wconf 87' lang='lat' dir='ltr'>Editt.</span> <span class='ocrx_word' id='word_1_162' title='bbox 272 2529 520 2585; x_wconf 88' lang='lat' dir='ltr'>contradicentibus</span> <span class='ocrx_word' id='word_1_163' title='bbox 559 2534 614 2585; x_wconf 89' lang='lat' dir='ltr'>tarn</span> <span class='ocrx_word' id='word_1_164' title='bbox 734 2534 877 2585; x_wconf 89' lang='lat' dir='ltr'>versantur</span> <span class='ocrx_word' id='word_1_165' title='bbox 893 2534 983 2585; x_wconf 88' lang='lat' dir='ltr'>textus</span> <span class='ocrx_word' id='word_1_166' title='bbox 1003 2547 1094 2598; x_wconf 88' lang='lat' dir='ltr'>sacer,</span> <span class='ocrx_word' id='word_1_167' title='bbox 1123 2531 1200 2586; x_wconf 89' lang='lat' dir='ltr'>codd.</span> 
     </span>
     <span class='ocr_line' id='line_1_22' title="bbox 147 2613 1203 2685; baseline 0 -15"><span class='ocrx_word' id='word_1_168' title='bbox 147 2615 337 2685; x_wconf 82' lang='lat' dir='ltr'>Evangelista‚</span> <span class='ocrx_word' id='word_1_169' title='bbox 356 2630 436 2684; x_wconf 89' lang='lat' dir='ltr'>quam</span> <span class='ocrx_word' id='word_1_170' title='bbox 461 2613 538 2667; x_wconf 89' lang='lat' dir='ltr'>codd.</span> <span class='ocrx_word' id='word_1_171' title='bbox 558 2628 615 2667; x_wconf 88' lang='lat' dir='ltr'>ma·</span> <span class='ocrx_word' id='word_1_172' title='bbox 735 2620 763 2670; x_wconf 89' lang='lat' dir='ltr'>et</span> <span class='ocrx_word' id='word_1_173' title='bbox 780 2614 891 2670; x_wconf 87' lang='lat' dir='ltr'>Ficinus</span> <span class='ocrx_word' id='word_1_174' title='bbox 909 2645 943 2654; x_wconf 95' lang='lat'>-</span> <span class='ocrx_word' id='word_1_175' title='bbox 959 2615 990 2669; x_wconf 91' lang='lat' dir='ltr'>P.</span> <span class='ocrx_word' id='word_1_176' title='bbox 1007 2615 1203 2671; x_wconf 80' lang='lat' dir='ltr'>exeunthesa</span> 
     </span>
     <span class='ocr_line' id='line_1_23' title="bbox 148 2699 1030 2771; baseline -0.002 -15"><span class='ocrx_word' id='word_1_177' title='bbox 148 2701 293 2771; x_wconf 87' lang='lat' dir='ltr'>nuscriptis</span> <span class='ocrx_word' id='word_1_178' title='bbox 318 2699 381 2755; x_wconf 80' lang='lat' dir='ltr'>Etsi</span> <span class='ocrx_word' id='word_1_179' title='bbox 406 2701 558 2771; x_wconf 82' lang='lat' dir='ltr'>oportuerit</span> <span class='ocrx_word' id='word_1_180' title='bbox 575 2716 616 2753; x_wconf 90' lang='lat' dir='ltr'>me</span> <span class='ocrx_word' id='word_1_181' title='bbox 753 2702 784 2755; x_wconf 93' lang='lat' dir='ltr'>L.</span> <span class='ocrx_word' id='word_1_182' title='bbox 804 2702 831 2755; x_wconf 82' lang='lat' dir='ltr'>iu</span> <span class='ocrx_word' id='word_1_183' title='bbox 850 2699 929 2754; x_wconf 83' lang='lat' dir='ltr'>litore</span> <span class='ocrx_word' id='word_1_184' title='bbox 945 2702 1030 2754; x_wconf 83' lang='lat' dir='ltr'>meris</span> 
     </span>
     <span class='ocr_line' id='line_1_24' title="bbox 147 2784 1093 2841; baseline -0.003 0"><span class='ocrx_word' id='word_1_185' title='bbox 147 2787 230 2841; x_wconf 76' lang='lat' dir='ltr'>simiel</span> <span class='ocrx_word' id='word_1_186' title='bbox 244 2787 316 2841; x_wconf 83' lang='lat' dir='ltr'>mori</span> <span class='ocrx_word' id='word_1_187' title='bbox 694 2787 717 2819; x_wconf 82' lang='lat'>⁷⁸</span> <span class='ocrx_word' id='word_1_188' title='bbox 735 2787 768 2840; x_wconf 89' lang='lat' dir='ltr'>L.</span> <span class='ocrx_word' id='word_1_189' title='bbox 787 2802 848 2841; x_wconf 84' lang='lat' dir='ltr'>eum</span> <span class='ocrx_word' id='word_1_190' title='bbox 867 2784 966 2839; x_wconf 80' lang='lat' dir='ltr'>Petrus</span> <span class='ocrx_word' id='word_1_191' title='bbox 983 2785 1093 2839; x_wconf 83' lang='lat' dir='ltr'>vidisset</span> 
     </span>
    </p>

    <p class='ocr_par' dir='ltr' id='par_1_10' title="bbox 107 2867 1203 2936">
     <span class='ocr_line' id='line_1_25' title="bbox 107 2867 1203 2936; baseline 0 -10"><span class='ocrx_word' id='word_1_192' title='bbox 107 2873 129 2906; x_wconf 76' lang='lat'>⁷⁶</span> <span class='ocrx_word' id='word_1_193' title='bbox 149 2873 178 2926; x_wconf 94' lang='lat' dir='ltr'>P.</span> <span class='ocrx_word' id='word_1_194' title='bbox 197 2877 365 2927; x_wconf 82' lang='lat' dir='ltr'>contestetur</span> <span class='ocrx_word' id='word_1_195' title='bbox 382 2867 510 2923; x_wconf 68' lang='lat' dir='ltr'>Metiscus</span> <span class='ocrx_word' id='word_1_196' title='bbox 693 2872 724 2936; x_wconf 81' lang='lat'>⁷⁸,</span> <span class='ocrx_word' id='word_1_197' title='bbox 744 2872 768 2904; x_wconf 77' lang='lat'>⁷⁹</span> <span class='ocrx_word' id='word_1_198' title='bbox 783 2872 816 2927; x_wconf 90' lang='lat' dir='ltr'>A.</span> <span class='ocrx_word' id='word_1_199' title='bbox 826 2871 857 2924; x_wconf 88' lang='lat' dir='ltr'>L.</span> <span class='ocrx_word' id='word_1_200' title='bbox 867 2870 897 2923; x_wconf 89' lang='lat' dir='ltr'>P.</span> <span class='ocrx_word' id='word_1_201' title='bbox 908 2868 939 2923; x_wconf 89' lang='lat' dir='ltr'>V.</span> <span class='ocrx_word' id='word_1_202' title='bbox 962 2871 1080 2924; x_wconf 81' lang='lat' dir='ltr'>tunicam</span> <span class='ocrx_word' id='word_1_203' title='bbox 1097 2871 1203 2926; x_wconf 77' lang='lat' dir='ltr'>subcin-</span> 
     </span>
    </p>

    <p class='ocr_par' dir='ltr' id='par_1_11' title="bbox 106 2953 1204 3104">
     <span class='ocr_line' id='line_1_26' title="bbox 106 2953 1204 3023; baseline -0.001 -14"><span class='ocrx_word' id='word_1_204' title='bbox 106 2958 129 2990; x_wconf 63' lang='grc' dir='ltr'>θ’</span> <span class='ocrx_word' id='word_1_205' title='bbox 147 2959 179 3010; x_wconf 86' lang='lat' dir='ltr'>A.</span> <span class='ocrx_word' id='word_1_206' title='bbox 199 2956 231 3008; x_wconf 85' lang='lat' dir='ltr'>F.</span> <span class='ocrx_word' id='word_1_207' title='bbox 247 2954 361 3009; x_wconf 88' lang='lat' dir='ltr'>L.M.P.</span> <span class='ocrx_word' id='word_1_208' title='bbox 373 2953 404 3006; x_wconf 89' lang='lat' dir='ltr'>V.</span> <span class='ocrx_word' id='word_1_209' title='bbox 419 2959 539 3023; x_wconf 80' lang='lat' dir='ltr'>paratus</span> <span class='ocrx_word' id='word_1_210' title='bbox 556 2968 616 3006; x_wconf 80' lang='lat' dir='ltr'>scm</span> <span class='ocrx_word' id='word_1_211' title='bbox 734 2957 779 3010; x_wconf 74' lang='lat' dir='ltr'>:eit</span> <span class='ocrx_word' id='word_1_212' title='bbox 800 2973 830 3011; x_wconf 88' lang='lat' dir='ltr'>se</span> <span class='ocrx_word' id='word_1_213' title='bbox 856 2987 888 2996; x_wconf 94' lang='lat'>-</span> <span class='ocrx_word' id='word_1_214' title='bbox 915 2954 986 3008; x_wconf 85' lang='lat' dir='ltr'>Edd.</span> <span class='ocrx_word' id='word_1_215' title='bbox 1010 2954 1151 3010; x_wconf 76' lang='lat' dir='ltr'>succinxit</span> <span class='ocrx_word' id='word_1_216' title='bbox 1174 2971 1204 3008; x_wconf 82' lang='lat' dir='ltr'>se</span> 
     </span>
     <span class='ocr_line' id='line_1_27' title="bbox 146 3038 828 3104; baseline -0.001 -9"><span class='ocrx_word' id='word_1_217' title='bbox 146 3043 174 3095; x_wconf 83' lang='lat' dir='ltr'>ie</span> <span class='ocrx_word' id='word_1_218' title='bbox 192 3056 328 3096; x_wconf 77' lang='lat' dir='ltr'>carcerem</span> <span class='ocrx_word' id='word_1_219' title='bbox 346 3038 394 3104; x_wconf 86' lang='lat' dir='ltr'>(M.</span> <span class='ocrx_word' id='word_1_220' title='bbox 413 3043 533 3102; x_wconf 82' lang='lat' dir='ltr'>earcere)</span> <span class='ocrx_word' id='word_1_221' title='bbox 735 3041 828 3095; x_wconf 82' lang='lat' dir='ltr'>tunica</span> 
     </span>
    </p>

    <p class='ocr_par' dir='ltr' id='par_1_12' title="bbox 105 3122 1204 3195">
     <span class='ocr_line' id='line_1_28' title="bbox 105 3122 1204 3195; baseline -0.003 -16"><span class='ocrx_word' id='word_1_222' title='bbox 105 3126 129 3159; x_wconf 80' lang='lat'>⁷⁰</span> <span class='ocrx_word' id='word_1_223' title='bbox 146 3125 178 3179; x_wconf 88' lang='lat' dir='ltr'>V.</span> <span class='ocrx_word' id='word_1_224' title='bbox 197 3124 321 3179; x_wconf 79' lang='lat' dir='ltr'>loannes</span> <span class='ocrx_word' id='word_1_225' title='bbox 338 3125 418 3179; x_wconf 82' lang='lat' dir='ltr'>etiam</span> <span class='ocrx_word' id='word_1_226' title='bbox 437 3122 502 3178; x_wconf 83' lang='lat' dir='ltr'>dicit</span> <span class='ocrx_word' id='word_1_227' title='bbox 695 3123 718 3156; x_wconf 82' lang='lat'>⁸⁰</span> <span class='ocrx_word' id='word_1_228' title='bbox 735 3123 842 3191; x_wconf 88' lang='lat' dir='ltr'>Omnes,</span> <span class='ocrx_word' id='word_1_229' title='bbox 861 3127 970 3195; x_wconf 87' lang='lat' dir='ltr'>praeter</span> <span class='ocrx_word' id='word_1_230' title='bbox 987 3124 1020 3176; x_wconf 81' lang='lat' dir='ltr'>A.</span> <span class='ocrx_word' id='word_1_231' title='bbox 1035 3123 1075 3190; x_wconf 79' lang='lat' dir='ltr'>L,</span> <span class='ocrx_word' id='word_1_232' title='bbox 1094 3123 1204 3178; x_wconf 83' lang='lat' dir='ltr'>vidisset</span> 
     </span>
    </p>

    <p class='ocr_par' dir='ltr' id='par_1_13' title="bbox 105 3207 964 3275">
     <span class='ocr_line' id='line_1_29' title="bbox 105 3207 964 3275; baseline -0.005 -10"><span class='ocrx_word' id='word_1_233' title='bbox 105 3213 129 3245; x_wconf 87' lang='lat'>⁷⁰</span> <span class='ocrx_word' id='word_1_234' title='bbox 145 3211 177 3265; x_wconf 88' lang='lat' dir='ltr'>In</span> <span class='ocrx_word' id='word_1_235' title='bbox 195 3210 225 3266; x_wconf 89' lang='lat' dir='ltr'>P.</span> <span class='ocrx_word' id='word_1_236' title='bbox 244 3210 412 3266; x_wconf 85' lang='lat' dir='ltr'>desideratur</span> <span class='ocrx_word' id='word_1_237' title='bbox 431 3208 547 3263; x_wconf 87' lang='lat' dir='ltr'>Domine</span> <span class='ocrx_word' id='word_1_238' title='bbox 734 3207 879 3275; x_wconf 75' lang='lat' dir='ltr'>loannem,</span> <span class='ocrx_word' id='word_1_239' title='bbox 897 3208 964 3263; x_wconf 83' lang='lat' dir='ltr'>dicit</span> 
     </span>
    </p>

    <p class='ocr_par' dir='ltr' id='par_1_14' title="bbox 105 3293 981 3365">
     <span class='ocr_line' id='line_1_30' title="bbox 105 3293 981 3365; baseline -0.001 -16"><span class='ocrx_word' id='word_1_240' title='bbox 105 3298 128 3330; x_wconf 79' lang='lat'>⁷³</span> <span class='ocrx_word' id='word_1_241' title='bbox 146 3296 177 3349; x_wconf 89' lang='lat' dir='ltr'>F.</span> <span class='ocrx_word' id='word_1_242' title='bbox 197 3296 226 3349; x_wconf 87' lang='lat' dir='ltr'>P.</span> <span class='ocrx_word' id='word_1_243' title='bbox 248 3295 418 3365; x_wconf 80' lang='lat' dir='ltr'>quodetiam</span> <span class='ocrx_word' id='word_1_244' title='bbox 435 3293 557 3348; x_wconf 83' lang='lat' dir='ltr'>scribunt</span> <span class='ocrx_word' id='word_1_245' title='bbox 693 3293 714 3325; x_wconf 82' lang='lat'>⁸¹</span> <span class='ocrx_word' id='word_1_246' title='bbox 732 3294 764 3346; x_wconf 85' lang='grc' dir='ltr'>Α.</span> <span class='ocrx_word' id='word_1_247' title='bbox 783 3293 857 3348; x_wconf 74' lang='lat' dir='ltr'>discit</span> <span class='ocrx_word' id='word_1_248' title='bbox 876 3293 981 3348; x_wconf 72' lang='lat' dir='ltr'>Christo</span> 
     </span>
    </p>

    <p class='ocr_par' dir='ltr' id='par_1_15' title="bbox 104 3377 1203 3533">
     <span class='ocr_line' id='line_1_31' title="bbox 104 3377 1203 3435; baseline -0.002 -1"><span class='ocrx_word' id='word_1_249' title='bbox 104 3381 127 3414; x_wconf 91' lang='lat'>⁷⁷</span> <span class='ocrx_word' id='word_1_250' title='bbox 145 3380 269 3435; x_wconf 89' lang='lat' dir='ltr'>Lectioni</span> <span class='ocrx_word' id='word_1_251' title='bbox 295 3381 428 3434; x_wconf 76' lang='lat' dir='ltr'>existente</span> <span class='ocrx_word' id='word_1_252' title='bbox 452 3377 558 3433; x_wconf 74' lang='lat' dir='ltr'>Christo</span> <span class='ocrx_word' id='word_1_253' title='bbox 584 3378 613 3432; x_wconf 83' lang='lat' dir='ltr'>in</span> <span class='ocrx_word' id='word_1_254' title='bbox 692 3378 714 3411; x_wconf 82' lang='lat'>⁸⁷</span> <span class='ocrx_word' id='word_1_255' title='bbox 732 3378 764 3430; x_wconf 87' lang='lat' dir='ltr'>F.</span> <span class='ocrx_word' id='word_1_256' title='bbox 784 3378 818 3432; x_wconf 84' lang='lat' dir='ltr'>de</span> <span class='ocrx_word' id='word_1_257' title='bbox 831 3379 1055 3433; x_wconf 69' lang='lat' dir='ltr'>Archimendritc</span> <span class='ocrx_word' id='word_1_258' title='bbox 1073 3385 1203 3433; x_wconf 84' lang='lat' dir='ltr'>vestro-</span> 
     </span>
     <span class='ocr_line' id='line_1_32' title="bbox 147 3462 1172 3533; baseline -0.003 -14"><span class='ocrx_word' id='word_1_259' title='bbox 147 3465 233 3530; x_wconf 82' lang='lat' dir='ltr'>litore,</span> <span class='ocrx_word' id='word_1_260' title='bbox 252 3480 331 3533; x_wconf 87' lang='lat' dir='ltr'>quam</span> <span class='ocrx_word' id='word_1_261' title='bbox 349 3464 450 3518; x_wconf 90' lang='lat' dir='ltr'>habent</span> <span class='ocrx_word' id='word_1_262' title='bbox 462 3462 546 3528; x_wconf 87' lang='lat' dir='ltr'>editt,</span> <span class='ocrx_word' id='word_1_263' title='bbox 564 3462 612 3518; x_wconf 89' lang='lat' dir='ltr'>ad·</span> <span class='ocrx_word' id='word_1_264' title='bbox 732 3463 765 3515; x_wconf 93' lang='grc' dir='ltr'>Η.</span> <span class='ocrx_word' id='word_1_265' title='bbox 784 3462 1032 3518; x_wconf 80' lang='lat' dir='ltr'>Arciimandritcm</span> <span class='ocrx_word' id='word_1_266' title='bbox 1049 3469 1172 3518; x_wconf 83' lang='lat' dir='ltr'>nestrum</span> 
     </span>
    </p>
   </div>
   <div class='ocr_carea' id='block_1_4' title="bbox 76 3622 1200 3966">
    <p class='ocr_par' dir='ltr' id='par_1_16' title="bbox 76 3622 1200 3966">
     <span class='ocr_line' id='line_1_33' title="bbox 147 3622 1198 3692; baseline -0.006 -12"><span class='ocrx_word' id='word_1_267' title='bbox 147 3628 170 3660; x_wconf 80' lang='lat'>⁷⁶</span> <span class='ocrx_word' id='word_1_268' title='bbox 186 3626 294 3680; x_wconf 80' lang='lat' dir='ltr'>Evnno.</span> <span class='ocrx_word' id='word_1_269' title='bbox 311 3623 406 3678; x_wconf 79' lang='lat' dir='ltr'>Mrnc1</span> <span class='ocrx_word' id='word_1_270' title='bbox 432 3638 492 3691; x_wconf 85' lang='lat' dir='ltr'>cap.</span> <span class='ocrx_word' id='word_1_271' title='bbox 511 3622 583 3677; x_wconf 83' lang='lat' dir='ltr'>XIV.</span> <span class='ocrx_word' id='word_1_272' title='bbox 610 3640 635 3676; x_wconf 90' lang='lat' dir='ltr'>v.</span> <span class='ocrx_word' id='word_1_273' title='bbox 655 3627 695 3678; x_wconf 79' lang='lat'>29.</span> <span class='ocrx_word' id='word_1_274' title='bbox 723 3654 756 3663; x_wconf 92' lang='lat'><em>-</em></span> <span class='ocrx_word' id='word_1_275' title='bbox 784 3624 892 3679; x_wconf 79' lang='lat' dir='ltr'>Evnus.</span> <span class='ocrx_word' id='word_1_276' title='bbox 912 3624 1008 3678; x_wconf 71' lang='lat' dir='ltr'>Lucan</span> <span class='ocrx_word' id='word_1_277' title='bbox 1035 3639 1093 3692; x_wconf 84' lang='lat' dir='ltr'>cap.</span> <span class='ocrx_word' id='word_1_278' title='bbox 1113 3622 1198 3676; x_wconf 87' lang='lat' dir='ltr'>XXII.</span> 
     </span>
     <span class='ocr_line' id='line_1_34' title="bbox 77 3690 1198 3760; baseline -0.004 -11"><span class='ocrx_word' id='word_1_279' title='bbox 77 3712 100 3749; x_wconf 89' lang='lat' dir='ltr'>v.</span> <span class='ocrx_word' id='word_1_280' title='bbox 119 3701 159 3750; x_wconf 81' lang='grc'>33.</span> <span class='ocrx_word' id='word_1_281' title='bbox 229 3695 252 3726; x_wconf 78' lang='lat'>⁷⁹</span> <span class='ocrx_word' id='word_1_282' title='bbox 268 3693 377 3746; x_wconf 80' lang='lat' dir='ltr'>Evnuo.</span> <span class='ocrx_word' id='word_1_283' title='bbox 394 3691 533 3746; x_wconf 75' lang='lat' dir='ltr'>Jounnrns</span> <span class='ocrx_word' id='word_1_284' title='bbox 552 3705 611 3759; x_wconf 87' lang='lat' dir='ltr'>cap.</span> <span class='ocrx_word' id='word_1_285' title='bbox 622 3691 697 3746; x_wconf 84' lang='lat' dir='ltr'>XIII.</span> <span class='ocrx_word' id='word_1_286' title='bbox 716 3710 739 3746; x_wconf 94' lang='lat' dir='ltr'>v.</span> <span class='ocrx_word' id='word_1_287' title='bbox 756 3697 779 3746; x_wconf 89' lang='grc'>6.</span> <span class='ocrx_word' id='word_1_288' title='bbox 799 3697 813 3746; x_wconf 86' lang='grc'>8</span> <span class='ocrx_word' id='word_1_289' title='bbox 893 3694 915 3725; x_wconf 82' lang='lat'>⁷²</span> <span class='ocrx_word' id='word_1_290' title='bbox 933 3692 1000 3747; x_wconf 87' lang='lat' dir='ltr'>Ibid.</span> <span class='ocrx_word' id='word_1_291' title='bbox 1020 3707 1081 3760; x_wconf 85' lang='lat' dir='ltr'>cap.</span> <span class='ocrx_word' id='word_1_292' title='bbox 1099 3690 1198 3745; x_wconf 85' lang='lat' dir='ltr'>XVIII.</span> 
     </span>
     <span class='ocr_line' id='line_1_35' title="bbox 77 3759 1200 3883; baseline -0.005 -65"><span class='ocrx_word' id='word_1_293' title='bbox 77 3781 100 3818; x_wconf 90' lang='lat' dir='ltr'>v.</span> <span class='ocrx_word' id='word_1_294' title='bbox 121 3768 159 3817; x_wconf 87' lang='lat'>10.</span> <span class='ocrx_word' id='word_1_295' title='bbox 212 3782 215 3789; x_wconf 91' lang='grc'><em>·</em></span> <span class='ocrx_word' id='word_1_296' title='bbox 247 3762 270 3794; x_wconf 85' lang='lat'>⁷³</span> <span class='ocrx_word' id='word_1_297' title='bbox 287 3760 398 3868; x_wconf 50' lang='lat' dir='ltr'>Evina</span> <span class='ocrx_word' id='word_1_298' title='bbox 415 3759 655 3882; x_wconf 33' lang='grc' dir='ltr'>Νὲητηῗείῦὲἰὲ.</span> <span class='ocrx_word' id='word_1_299' title='bbox 674 3761 829 3883; x_wconf 46' lang='lat' dir='ltr'>{xvffi</span> <span class='ocrx_word' id='word_1_300' title='bbox 844 3765 884 3881; x_wconf 42' lang='grc' dir='ltr'>δὲ.</span> <span class='ocrx_word' id='word_1_301' title='bbox 906 3791 947 3882; x_wconf 46' lang='grc' dir='ltr'><strong><em>ὦ</em></strong></span> <span class='ocrx_word' id='word_1_302' title='bbox 972 3759 1200 3882; x_wconf 35' lang='lat' dir='ltr'>&amp;maffeii</span> 
     </span>
     <span class='ocr_line' id='line_1_36' title="bbox 76 3830 1198 3966; baseline -0.006 -12"><span class='ocrx_word' id='word_1_303' title='bbox 76 3830 369 3966; x_wconf 49' lang='lat' dir='ltr'>iiiiiiieiiiin</span> <span class='ocrx_word' id='word_1_304' title='bbox 389 3914 412 3949; x_wconf 83' lang='lat' dir='ltr'>v.</span> <span class='ocrx_word' id='word_1_305' title='bbox 432 3844 531 3950; x_wconf 44' lang='lat' dir='ltr'>affudi.</span> <span class='ocrx_word' id='word_1_306' title='bbox 550 3896 691 3952; x_wconf 76' lang='lat' dir='ltr'>Paraux</span> <span class='ocrx_word' id='word_1_307' title='bbox 719 3871 764 3951; x_wconf 84' lang='lat' dir='ltr'>iv.</span> <span class='ocrx_word' id='word_1_308' title='bbox 786 3871 841 3950; x_wconf 73' lang='lat' dir='ltr'>ras]</span> <span class='ocrx_word' id='word_1_309' title='bbox 881 3869 886 3880; x_wconf 83' lang='lat'>&#39;</span> <span class='ocrx_word' id='word_1_310' title='bbox 941 3870 947 3882; x_wconf 86' lang='lat'><em>&#39;</em></span> <span class='ocrx_word' id='word_1_311' title='bbox 1192 3870 1198 3881; x_wconf 87' lang='lat'>&#39;</span> 
     </span>
    </p>
   </div>
   <div class='ocr_carea' id='block_1_5' title="bbox 76 3979 1199 4362">
    <p class='ocr_par' dir='ltr' id='par_1_17' title="bbox 76 3979 1199 4362">
     <span class='ocr_line' id='line_1_37' title="bbox 352 3979 843 4050; baseline -0.002 -14"><span class='ocrx_word' id='word_1_312' title='bbox 352 3981 468 4036; x_wconf 76' lang='lat' dir='ltr'>Oronte</span> <span class='ocrx_word' id='word_1_313' title='bbox 483 3986 611 4050; x_wconf 82' lang='lat' dir='ltr'>petre,s</span> <span class='ocrx_word' id='word_1_314' title='bbox 632 3983 695 4035; x_wconf 87' lang='lat' dir='ltr'>irito</span> <span class='ocrx_word' id='word_1_315' title='bbox 714 3979 763 4034; x_wconf 83' lang='lat' dir='ltr'>cde</span> <span class='ocrx_word' id='word_1_316' title='bbox 780 3981 843 4035; x_wconf 81' lang='lat' dir='ltr'>cedi</span> 
     </span>
     <span class='ocr_line' id='line_1_38' title="bbox 416 4047 961 4115; baseline 0 -12"><span class='ocrx_word' id='word_1_317' title='bbox 416 4049 462 4103; x_wconf 78' lang='lat' dir='ltr'>Cio</span> <span class='ocrx_word' id='word_1_318' title='bbox 481 4047 530 4103; x_wconf 77' lang='lat' dir='ltr'>elie</span> <span class='ocrx_word' id='word_1_319' title='bbox 547 4066 593 4104; x_wconf 90' lang='lat' dir='ltr'>cre</span> <span class='ocrx_word' id='word_1_320' title='bbox 612 4050 664 4102; x_wconf 82' lang='lat' dir='ltr'>esti</span> <span class='ocrx_word' id='word_1_321' title='bbox 678 4048 718 4115; x_wconf 82' lang='lat' dir='ltr'>si,</span> <span class='ocrx_word' id='word_1_322' title='bbox 735 4048 784 4103; x_wconf 80' lang='lat' dir='ltr'>ede</span> <span class='ocrx_word' id='word_1_323' title='bbox 802 4057 830 4102; x_wconf 84' lang='lat' dir='ltr'>te</span> <span class='ocrx_word' id='word_1_324' title='bbox 849 4049 961 4104; x_wconf 82' lang='lat' dir='ltr'>virecesti</span> 
     </span>
     <span class='ocr_line' id='line_1_39' title="bbox 421 4117 978 4189; baseline -0.004 -18"><span class='ocrx_word' id='word_1_325' title='bbox 421 4117 475 4171; x_wconf 85' lang='lat' dir='ltr'>Ver</span> <span class='ocrx_word' id='word_1_326' title='bbox 493 4118 519 4171; x_wconf 87' lang='lat' dir='ltr'>to</span> <span class='ocrx_word' id='word_1_327' title='bbox 536 4118 659 4188; x_wconf 75' lang='lat' dir='ltr'>repetere</span> <span class='ocrx_word' id='word_1_328' title='bbox 677 4119 688 4171; x_wconf 89' lang='lat' dir='ltr'>i</span> <span class='ocrx_word' id='word_1_329' title='bbox 700 4119 753 4189; x_wconf 80' lang='lat' dir='ltr'>piri</span> <span class='ocrx_word' id='word_1_330' title='bbox 770 4119 883 4188; x_wconf 73' lang='lat' dir='ltr'>qiocani</span> <span class='ocrx_word' id='word_1_331' title='bbox 896 4117 978 4189; x_wconf 78' lang='lat' dir='ltr'>pierii.</span> 
     </span>
     <span class='ocr_line' id='line_1_40' title="bbox 76 4201 1199 4257; baseline 0 -1"><span class='ocrx_word' id='word_1_332' title='bbox 76 4205 98 4238; x_wconf 85' lang='lat'>⁷⁷</span> <span class='ocrx_word' id='word_1_333' title='bbox 117 4203 226 4257; x_wconf 77' lang='lat' dir='ltr'>Eunus.</span> <span class='ocrx_word' id='word_1_334' title='bbox 244 4203 308 4257; x_wconf 82' lang='lat' dir='ltr'>Jou.</span> <span class='ocrx_word' id='word_1_335' title='bbox 327 4218 358 4256; x_wconf 88' lang='lat' dir='ltr'>ca</span> <span class='ocrx_word' id='word_1_336' title='bbox 381 4244 386 4255; x_wconf 92' lang='lat'>.</span> <span class='ocrx_word' id='word_1_337' title='bbox 404 4201 477 4255; x_wconf 85' lang='lat' dir='ltr'>XXI.</span> <span class='ocrx_word' id='word_1_338' title='bbox 494 4218 518 4255; x_wconf 93' lang='lat' dir='ltr'>v.</span> <span class='ocrx_word' id='word_1_339' title='bbox 538 4207 562 4256; x_wconf 77' lang='lat' dir='ltr'>i.</span> <span class='ocrx_word' id='word_1_340' title='bbox 626 4202 647 4233; x_wconf 83' lang='lat'>⁷¹</span> <span class='ocrx_word' id='word_1_341' title='bbox 665 4201 732 4254; x_wconf 93' lang='lat' dir='ltr'>Ibid.</span> <span class='ocrx_word' id='word_1_342' title='bbox 750 4218 820 4256; x_wconf 89' lang='lat' dir='ltr'>vers.</span> <span class='ocrx_word' id='word_1_343' title='bbox 840 4207 882 4257; x_wconf 84' lang='lat'>21.</span> <span class='ocrx_word' id='word_1_344' title='bbox 953 4203 976 4234; x_wconf 85' lang='lat'>⁸²</span> <span class='ocrx_word' id='word_1_345' title='bbox 994 4201 1078 4256; x_wconf 89' lang='lat' dir='ltr'>Simili</span> <span class='ocrx_word' id='word_1_346' title='bbox 1094 4201 1199 4256; x_wconf 87' lang='lat' dir='ltr'>ratione</span> 
     </span>
     <span class='ocr_line' id='line_1_41' title="bbox 76 4268 1198 4362; baseline -0.004 -37"><span class='ocrx_word' id='word_1_347' title='bbox 76 4279 166 4327; x_wconf 86' lang='lat' dir='ltr'>noster</span> <span class='ocrx_word' id='word_1_348' title='bbox 183 4272 212 4324; x_wconf 94' lang='lat' dir='ltr'>in</span> <span class='ocrx_word' id='word_1_349' title='bbox 228 4270 327 4325; x_wconf 85' lang='lat' dir='ltr'>Parad.</span> <span class='ocrx_word' id='word_1_350' title='bbox 372 4270 393 4324; x_wconf 91' lang='lat'>1.</span> <span class='ocrx_word' id='word_1_351' title='bbox 412 4274 452 4324; x_wconf 84' lang='grc'>99.</span> <span class='ocrx_word' id='word_1_352' title='bbox 471 4270 579 4325; x_wconf 88' lang='lat' dir='ltr'>beatum</span> <span class='ocrx_word' id='word_1_353' title='bbox 597 4269 773 4362; x_wconf 84' lang='lat' dir='ltr'>Franciseum</span> <span class='ocrx_word' id='word_1_354' title='bbox 796 4268 1107 4325; x_wconf 87' lang='lat' dir='ltr'>archimandritam</span> <span class='ocrx_word' id='word_1_355' title='bbox 1124 4268 1198 4324; x_wconf 86' lang='lat' dir='ltr'>dicit.</span> 
     </span>
    </p>
   </div>
   <div class='ocr_carea' id='block_1_6' title="bbox 0 0 1474 5040">
    <p class='ocr_par' dir='ltr' id='par_1_18' title="bbox 0 0 1474 5040">
     <span class='ocr_line' id='line_1_42' title="bbox 0 0 1474 5040; baseline 0 4"><span class='ocrx_word' id='word_1_356' title='bbox 0 0 1474 5040; x_wconf 95' lang='lat' dir='ltr'> </span> 
     </span>
    </p>
   </div>
  </div>
 </body>
</html>
