2940 5040
400 324 534 379 Dnuuls
551 323 769 380 MONARGHIA
787 327 822 380 11.
841 325 870 381 c.
891 330 930 380 rr.
949 329 1010 395 (ro.)
1230 326 1269 387 79

155 498 297 566 duellum
319 496 493 580 adquisivit
514 498 697 582 imperium:
719 518 794 582 ergo
817 498 858 566 de
876 500 949 584 juro
971 500 1160 586 adquisivit,
1186 501 1271 584 quod
1289 505 1320 555 55

154 607 201 666 est
223 600 400 685 principale
422 601 621 685 propositum
642 600 675 665 in
696 601 778 667 libro
800 603 969 685 praesenti.

238 701 349 784 Usque
372 702 476 768 adhuc
497 707 587 787 patet
608 704 806 788 propositum
827 723 886 788 per
906 705 1046 771 rationes
1069 724 1151 788 quae
1175 705 1270 789 pluri-

153 824 239 870 mum
262 803 542 870 rationalibus
570 805 735 889 principiis
756 805 944 889 innituntur5
977 805 1035 873 sed
1063 828 1104 874 ex
1126 826 1209 872 nunc
1231 826 1272 872 ex

152 904 317 990 principiis
339 905 443 973 fidei
466 905 731 974 Christianae
753 908 867 974 iterum
888 908 1147 992 patefaciendum
1169 914 1226 976 est.

559 1131 680 1206 [cucur
701 1148 762 1194 xm.
786 1125 799 1212 (
828 1126 868 1213 .)]

238 1279 378 1346 Maxime
412 1279 494 1345 enim
523 1280 730 1365 fremuerunt,
765 1287 797 1348 et
824 1282 932 1346 inania
959 1280 1105 1347 meditati
1134 1285 1205 1344 sunt
1237 1281 1270 1345 in

152 1374 330 1448 Romanum
362 1381 590 1467 principatum,
629 1385 683 1466 qui
716 1385 871 1450 zelatores
903 1381 978 1448 fidei
1012 1382 1202 1448 christianae
1237 1402 1271 1448 se

154 1484 275 1567 dicunt;
299 1503 359 1549 nec
380 1482 509 1548 miseret
531 1503 586 1548 eos
604 1505 780 1569 pauperum
796 1485 923 1569 Christi,
947 1484 1061 1568 quibus
1082 1504 1145 1550 non
1168 1485 1270 1550 solum

153 1584 354 1652 defraudatio
376 1583 412 1647 fit
434 1584 467 1649 in
489 1585 694 1651 ecclesiarum
712 1587 933 1672 proventibus;
959 1586 1098 1668 quinimo
1121 1585 1271 1670 patrimo-

151 1690 205 1754 nia
227 1688 299 1772 ipsa
322 1686 463 1768 quotidie
486 1687 664 1771 rapiuntur,
693 1692 726 1753 et
755 1687 991 1773 depauperatur
1012 1687 1172 1770 Ecclesia,
1197 1686 1304 1752 dum5

153 1786 333 1856 simulando
352 1787 528 1872 justitiam,
551 1794 778 1869 exequutorem
797 1790 944 1874 justitiae
964 1810 1027 1856 non
1051 1788 1228 1854 admittunt.

238 1893 306 1958 Nec
324 1890 393 1973 jam
410 1888 639 1975 depauperatio
655 1891 730 1955 talis
752 1892 875 1974 absque
890 1891 952 1957 Dei
970 1890 1093 1974 judicio
1108 1888 1152 1972 fit,
1177 1907 1273 1970 quum

151 2016 212 2063 nec
234 1991 439 2079 pauperibus,
463 2012 595 2074 quorum
610 1992 802 2077 patrimonia
822 1997 895 2058 sunt
908 1992 1072 2058 Ecclesiae
1095 1992 1272 2075 facultates,

151 2095 227 2162 inde
250 2095 471 2177 subveniatur,
499 2114 603 2177 nequo
632 2094 674 2158 ab
703 2093 855 2161 offerente
876 2094 1015 2179 Imperio
1044 2112 1114 2158 cum
1140 2093 1271 2175 gratitu-

152 2197 228 2264 dine
260 2201 436 2264 teueantur.
479 2196 641 2280 Redeant,
675 2194 759 2262 unde
791 2201 959 2262 venerunt:
992 2201 1147 2262 venerunt
1180 2195 1271 2279 bene,
1294 2200 1322 2252 1⁰

180 2416 202 2449 ¹¹
219 2416 290 2473 Edd.
308 2414 458 2484 Hucusque
471 2420 552 2484 patet
808 2414 888 2468 etiam
912 2414 1026 2468 Turrius
1050 2419 1076 2468 et
1099 2412 1200 2470 Fratic.
1224 2430 1273 2469 uec

179 2501 202 2535 ¹⁸
219 2502 252 2555 A.
272 2501 305 2555 Η.
324 2498 534 2555 rationabilibus
807 2500 933 2553 miserere

238 2585 308 2640 Edd.
326 2585 375 2639 sed
391 2585 519 2654 deinceps
537 2599 574 2637 esc
589 2599 633 2654 pr.
783 2585 793 2616 ¹
811 2587 844 2638 A.
862 2584 892 2637 F.
911 2584 945 2637 H.
965 2585 997 2638 L.
1014 2584 1052 2638 Μ.
1062 2614 1097 2624 -
1112 2585 1145 2640 V.
1165 2590 1191 2640 et
1209 2585 1268 2640 edd.

180 2670 202 2703 ¹⁹
219 2670 251 2723 F.
271 2670 304 2724 de
319 2669 375 2738 fide
393 2668 542 2723 christiana
801 2670 970 2740 recuperatio

153 2754 219 2823 Cap.
238 2754 297 2807 XII.
332 2757 339 2787 ¹
358 2755 464 2808 Novum
482 2756 564 2820 caput
580 2751 625 2805 hic
643 2767 687 2806 or·
769 2756 791 2788 ¹⁰
808 2754 842 2806 H.
864 2753 975 2809 Ficinus
999 2759 1026 2808 et
1050 2753 1108 2808 edd.
1136 2753 1227 2809 Turrii
1245 2759 1273 2810 et

222 2838 349 2894 diendum
366 2854 426 2894 esse
444 2839 543 2892 docent
559 2836 593 2889 A.
612 2842 639 2890 et
653 2836 687 2890 V.
806 2838 908 2894 Fratic.
932 2870 966 2877 —
992 2838 1025 2892 A.
1051 2838 1088 2892 M.
1107 2839 1139 2894 V.
1166 2845 1192 2894 et
1212 2839 1270 2894 edd.

196 2926 208 2958 ²
225 2925 263 2978 M.
282 2924 436 2979 Romanum
456 2923 609 2994 principem
806 2931 861 2977 ant.
879 2923 1004 2978 Redeunt
1020 2924 1093 2978 uude
1108 2925 1183 2978 -L.
1202 2924 1274 2981 Red-

197 3008 275 3062 3Εᾱ.
303 3008 449 3063 Ginevrina
476 3012 503 3062 et
533 3023 602 3076 quae
629 3022 688 3062 eam
807 3009 875 3062 duct
891 3008 963 3063 uode
983 3039 1017 3048 -
1045 3009 1076 3062 In
1099 3010 1131 3064 F.
1150 3009 1274 3075 Redeunt

221 3098 351 3162 sequutae
379 3108 429 3148 uec
459 3094 562 3147 misere.
604 3091 686 3161 Pejus
807 3093 913 3149 omnino
931 3093 1010 3149 abest

222 3297 294 3367 Cap.
312 3297 386 3350 ΧΠ.
422 3295 540 3351 ¹Olerici
551 3294 650 3364 aliique
657 3295 744 3365 partis
755 3295 896 3366 Guelphae
907 3302 1063 3363 sectatores,
1079 3314 1146 3368 quos
1156 3300 1273 3354 Aneros

151 3365 181 3420 in
199 3364 360 3434 Purgatorio
380 3364 424 3419 VI.
444 3370 485 3419 91.
503 3364 569 3419 dicit

457 3463 538 3530 pente
557 3456 605 3512 clue
623 3457 755 3513 docrebbe
771 3474 844 3512 esser
864 3459 966 3513 deuote.

153 3550 308 3607 ¹Similiter
333 3551 361 3605 in
388 3550 519 3605 Paradiso
545 3550 606 3603 XII.
635 3554 675 3604 93.
709 3549 825 3606 decimas
851 3567 1001 3621 pauperum
1035 3552 1086 3608 Dei
1119 3569 1178 3609 esse
1204 3553 1269 3609 dicit

150 3621 267 3674 Anonos
338 3622 360 3653 ¹⁰
378 3618 535 3686 „Venerunt
553 3619 647 3672 bene.“
682 3619 785 3673 Bonam
803 3619 973 3675 Constantini
997 3620 1171 3678 intentionem
1189 3622 1269 3677 etiam

150 3688 180 3743 in
197 3686 295 3742 Parad.
314 3688 373 3741 XX.
393 3693 434 3740 55.
452 3690 569 3740 Anchoe
585 3692 677 3740 noster
694 3687 828 3756 agnoscit:

355 3788 461 3844 L'ultro
480 3786 528 3843 clee
545 3803 642 3858 seque,
659 3805 710 3843 con
729 3788 754 3844 le
771 3789 847 3862 leppr'
862 3809 876 3846 e
893 3809 981 3857 mero,

424 3855 502 3911 Sotto
521 3856 611 3911 breona
629 3856 766 3912 intensiore
784 3858 847 3924 cbe,
863 3860 901 3929 se’
919 3860 975 3914 mal
989 3859 1093 3930 fratte,

425 3924 480 3979 Per
498 3923 592 3979 cedere
609 3923 640 3978 cl
648 3931 762 3995 pastor,
779 3929 805 3981 se'
818 3929 877 3990 fece
897 3927 988 3983 Greco.

359 4026 415 4082 Ore
432 4041 546 4080 couosce
563 4041 638 4080 come
655 4026 677 4081 il
692 4027 758 4093 mal,
777 4027 888 4082 deducto

423 4094 481 4150 Det
496 4109 546 4147 suo
565 4094 630 4148 bene
648 4110 762 4165 operer,
779 4111 834 4149 acu
872 4096 894 4151 lr'
909 4098 923 4152 e
939 4099 1049 4165 nocivo,

422 4164 551 4232 Accepere
568 4161 617 4216 obe
634 4164 675 4217 sic
693 4163 715 4217 il
730 4163 829 4219 mondo
847 4164 907 4219 rudi
922 4166 1058 4221 distructo.

152 4249 194 4304 cf.
212 4248 350 4304 Internum
367 4248 440 4301 XIX.
462 4252 517 4302 115.
