<?xml version="1.0" encoding="UTF-8"?>
<!DOCTYPE html PUBLIC "-//W3C//DTD XHTML 1.0 Transitional//EN"
    "http://www.w3.org/TR/xhtml1/DTD/xhtml1-transitional.dtd">
<html xmlns="http://www.w3.org/1999/xhtml" xml:lang="en" lang="en">
 <head>
  <title>
</title>
<meta http-equiv="Content-Type" content="text/html;charset=utf-8" />
  <meta name='ocr-system' content='tesseract 3.04.00' />
  <meta name='ocr-capabilities' content='ocr_page ocr_carea ocr_par ocr_line ocrx_word'/>
</head>
<body>
  <div class='ocr_page' id='page_1' title='image "./dantisalligheri01wittgoog_0015.png"; bbox 0 0 2940 5040; ppageno 0'>
   <div class='ocr_carea' id='block_1_1' title="bbox 148 369 851 429">
    <p class='ocr_par' dir='ltr' id='par_1_1' title="bbox 148 369 851 429">
     <span class='ocr_line' id='line_1_1' title="bbox 148 369 851 429; baseline -0.007 0"><span class='ocrx_word' id='word_1_1' title='bbox 148 375 185 429; x_wconf 83' lang='lat' dir='ltr'><strong>Vi</strong></span> <span class='ocrx_word' id='word_1_2' title='bbox 568 369 851 426; x_wconf 75' lang='lat' dir='ltr'><strong>Pnouusomtttn.</strong></span> 
     </span>
    </p>
   </div>
   <div class='ocr_carea' id='block_1_2' title="bbox 150 545 1277 3814">
    <p class='ocr_par' dir='ltr' id='par_1_2' title="bbox 150 545 1277 2270">
     <span class='ocr_line' id='line_1_2' title="bbox 150 545 1269 645; baseline -0.001 -27"><span class='ocrx_word' id='word_1_3' title='bbox 150 549 281 645; x_wconf 90' lang='lat' dir='ltr'><strong>periri</strong></span> <span class='ocrx_word' id='word_1_4' title='bbox 309 547 439 618; x_wconf 85' lang='lat' dir='ltr'><strong>debet</strong></span> <span class='ocrx_word' id='word_1_5' title='bbox 459 590 508 597; x_wconf 92' lang='grc'><strong>-</strong></span> <span class='ocrx_word' id='word_1_6' title='bbox 535 546 689 618; x_wconf 88' lang='lat' dir='ltr'><strong>Sohard.:</strong></span> <span class='ocrx_word' id='word_1_7' title='bbox 716 546 756 616; x_wconf 93' lang='lat' dir='ltr'><strong>in</strong></span> <span class='ocrx_word' id='word_1_8' title='bbox 784 547 870 641; x_wconf 89' lang='lat' dir='ltr'><strong>ipsa</strong></span> <span class='ocrx_word' id='word_1_9' title='bbox 899 545 1010 620; x_wconf 84' lang='lat' dir='ltr'><strong>total.</strong></span> <span class='ocrx_word' id='word_1_10' title='bbox 1037 569 1169 641; x_wconf 88' lang='lat' dir='ltr'><strong>reper.</strong></span> <span class='ocrx_word' id='word_1_11' title='bbox 1198 548 1269 617; x_wconf 88' lang='lat' dir='ltr'><strong>de-</strong></span> 
     </span>
     <span class='ocr_line' id='line_1_3' title="bbox 150 673 1266 770; baseline -0.003 -23"><span class='ocrx_word' id='word_1_12' title='bbox 150 676 259 747; x_wconf 88' lang='lat' dir='ltr'><strong>bent.</strong></span> <span class='ocrx_word' id='word_1_13' title='bbox 294 674 372 770; x_wconf 87' lang='lat' dir='ltr'><strong>Cap.</strong></span> <span class='ocrx_word' id='word_1_14' title='bbox 397 674 436 743; x_wconf 91' lang='lat' dir='ltr'><strong>ll</strong></span> <span class='ocrx_word' id='word_1_15' title='bbox 459 674 515 745; x_wconf 91' lang='lat' dir='ltr'><strong>lin.</strong></span> <span class='ocrx_word' id='word_1_16' title='bbox 536 673 595 764; x_wconf 89' lang='grc'><strong>89,</strong></span> <span class='ocrx_word' id='word_1_17' title='bbox 621 673 669 744; x_wconf 85' lang='grc'><strong>90</strong></span> <span class='ocrx_word' id='word_1_18' title='bbox 697 674 865 768; x_wconf 78' lang='lat' dir='ltr'><strong>princeps:</strong></span> <span class='ocrx_word' id='word_1_19' title='bbox 892 673 940 743; x_wconf 86' lang='lat' dir='ltr'><strong>Et</strong></span> <span class='ocrx_word' id='word_1_20' title='bbox 973 683 1124 767; x_wconf 88' lang='lat' dir='ltr'><strong>quanto</strong></span> <span class='ocrx_word' id='word_1_21' title='bbox 1144 698 1266 745; x_wconf 89' lang='lat' dir='ltr'><strong>eausa</strong></span> 
     </span>
     <span class='ocr_line' id='line_1_4' title="bbox 151 799 1267 897; baseline -0.002 -23"><span class='ocrx_word' id='word_1_22' title='bbox 151 813 216 875; x_wconf 88' lang='lat' dir='ltr'><strong>est</strong></span> <span class='ocrx_word' id='word_1_23' title='bbox 241 803 371 897; x_wconf 83' lang='lat' dir='ltr'><strong>magis</strong></span> <span class='ocrx_word' id='word_1_24' title='bbox 398 812 460 872; x_wconf 90' lang='lat' dir='ltr'><strong>est</strong></span> <span class='ocrx_word' id='word_1_25' title='bbox 487 825 618 872; x_wconf 87' lang='lat' dir='ltr'><strong>eausa.</strong></span> <span class='ocrx_word' id='word_1_26' title='bbox 638 840 683 850; x_wconf 81' lang='lat'><strong>—-</strong></span> <span class='ocrx_word' id='word_1_27' title='bbox 705 799 855 871; x_wconf 70' lang='lat' dir='ltr'><strong>schot:</strong></span> <span class='ocrx_word' id='word_1_28' title='bbox 890 799 938 869; x_wconf 85' lang='lat' dir='ltr'><strong>Et</strong></span> <span class='ocrx_word' id='word_1_29' title='bbox 964 810 1117 894; x_wconf 88' lang='lat' dir='ltr'><strong>quanto</strong></span> <span class='ocrx_word' id='word_1_30' title='bbox 1146 825 1267 872; x_wconf 86' lang='lat' dir='ltr'><strong>eausa</strong></span> 
     </span>
     <span class='ocr_line' id='line_1_5' title="bbox 153 919 1277 1024; baseline -0.003 -22"><span class='ocrx_word' id='word_1_31' title='bbox 153 931 282 1024; x_wconf 86' lang='lat' dir='ltr'><strong>magis</strong></span> <span class='ocrx_word' id='word_1_32' title='bbox 315 938 376 1000; x_wconf 85' lang='lat' dir='ltr'><strong>est</strong></span> <span class='ocrx_word' id='word_1_33' title='bbox 409 951 543 998; x_wconf 84' lang='lat' dir='ltr'><strong>eausa.</strong></span> <span class='ocrx_word' id='word_1_34' title='bbox 598 925 670 997; x_wconf 91' lang='lat' dir='ltr'><strong>Lib.</strong></span> <span class='ocrx_word' id='word_1_35' title='bbox 699 925 726 995; x_wconf 90' lang='lat' dir='ltr'><strong>lt</strong></span> <span class='ocrx_word' id='word_1_36' title='bbox 759 927 880 1022; x_wconf 83' lang='lat' dir='ltr'><strong>oap2</strong></span> <span class='ocrx_word' id='word_1_37' title='bbox 921 927 978 997; x_wconf 85' lang='lat' dir='ltr'><strong>tin.</strong></span> <span class='ocrx_word' id='word_1_38' title='bbox 1007 928 1054 996; x_wconf 83' lang='lat'><strong>22</strong></span> <span class='ocrx_word' id='word_1_39' title='bbox 1098 919 1277 1023; x_wconf 59' lang='lat' dir='ltr'><strong>princepsa</strong></span> 
     </span>
     <span class='ocr_line' id='line_1_6' title="bbox 151 1052 1266 1150; baseline -0.002 -21"><span class='ocrx_word' id='word_1_40' title='bbox 151 1057 223 1129; x_wconf 84' lang='lat' dir='ltr'><strong>Dei</strong></span> <span class='ocrx_word' id='word_1_41' title='bbox 243 1056 492 1128; x_wconf 83' lang='lat' dir='ltr'><strong>naturantis.</strong></span> <span class='ocrx_word' id='word_1_42' title='bbox 513 1096 562 1104; x_wconf 91' lang='lat'>—</span> <span class='ocrx_word' id='word_1_43' title='bbox 581 1052 732 1124; x_wconf 74' lang='lat' dir='ltr'><strong>setara:</strong></span> <span class='ocrx_word' id='word_1_44' title='bbox 759 1053 831 1124; x_wconf 89' lang='lat' dir='ltr'><strong>Dei</strong></span> <span class='ocrx_word' id='word_1_45' title='bbox 851 1055 1108 1124; x_wconf 87' lang='lat' dir='ltr'><strong>maturantis.</strong></span> <span class='ocrx_word' id='word_1_46' title='bbox 1146 1053 1222 1150; x_wconf 87' lang='lat' dir='ltr'><strong>Cap.</strong></span> <span class='ocrx_word' id='word_1_47' title='bbox 1245 1056 1266 1127; x_wconf 87' lang='lat'><strong>3</strong></span> 
     </span>
     <span class='ocr_line' id='line_1_7' title="bbox 153 1179 1268 1280; baseline -0.003 -25"><span class='ocrx_word' id='word_1_48' title='bbox 153 1186 211 1256; x_wconf 90' lang='lat' dir='ltr'><strong>lin.</strong></span> <span class='ocrx_word' id='word_1_49' title='bbox 251 1184 293 1254; x_wconf 85' lang='lat' dir='ltr'><strong>lu</strong></span> <span class='ocrx_word' id='word_1_50' title='bbox 329 1183 498 1280; x_wconf 86' lang='lat' dir='ltr'><strong>princeps:</strong></span> <span class='ocrx_word' id='word_1_51' title='bbox 550 1179 751 1251; x_wconf 82' lang='lat' dir='ltr'><strong>videlicet</strong></span> <span class='ocrx_word' id='word_1_52' title='bbox 783 1181 987 1276; x_wconf 90' lang='lat' dir='ltr'><strong>propriae.</strong></span> <span class='ocrx_word' id='word_1_53' title='bbox 1022 1223 1072 1231; x_wconf 94' lang='lat'>—</span> <span class='ocrx_word' id='word_1_54' title='bbox 1114 1181 1268 1252; x_wconf 89' lang='lat' dir='ltr'><strong>Sohard.:</strong></span> 
     </span>
     <span class='ocr_line' id='line_1_8' title="bbox 154 1307 1268 1405; baseline -0.002 -26"><span class='ocrx_word' id='word_1_55' title='bbox 154 1311 467 1405; x_wconf 77' lang='lat' dir='ltr'><strong>videtproprae.</strong></span> <span class='ocrx_word' id='word_1_56' title='bbox 487 1307 635 1378; x_wconf 81' lang='lat' dir='ltr'><strong>ttiutin.</strong></span> <span class='ocrx_word' id='word_1_57' title='bbox 655 1307 832 1402; x_wconf 85' lang='lat' dir='ltr'><strong>28prino.:</strong></span> <span class='ocrx_word' id='word_1_58' title='bbox 847 1331 1018 1402; x_wconf 91' lang='lat' dir='ltr'><strong>quorum</strong></span> <span class='ocrx_word' id='word_1_59' title='bbox 1036 1316 1268 1401; x_wconf 75' lang='lat' dir='ltr'><strong>utrumque,</strong></span> 
     </span>
     <span class='ocr_line' id='line_1_9' title="bbox 150 1434 1269 1530; baseline -0.002 -23"><span class='ocrx_word' id='word_1_60' title='bbox 150 1478 203 1491; x_wconf 91' lang='lat'><em>-</em></span> <span class='ocrx_word' id='word_1_61' title='bbox 221 1437 373 1508; x_wconf 86' lang='lat' dir='ltr'><strong>Sohard.:</strong></span> <span class='ocrx_word' id='word_1_62' title='bbox 401 1457 573 1528; x_wconf 89' lang='lat' dir='ltr'><strong>quorum</strong></span> <span class='ocrx_word' id='word_1_63' title='bbox 594 1444 872 1530; x_wconf 86' lang='lat' dir='ltr'><strong>utrorumque.</strong></span> <span class='ocrx_word' id='word_1_64' title='bbox 906 1434 984 1505; x_wconf 86' lang='lat' dir='ltr'><strong>ibid.</strong></span> <span class='ocrx_word' id='word_1_65' title='bbox 1005 1434 1059 1504; x_wconf 84' lang='lat' dir='ltr'><strong>tin.</strong></span> <span class='ocrx_word' id='word_1_66' title='bbox 1081 1434 1127 1504; x_wconf 82' lang='lat'><strong>78</strong></span> <span class='ocrx_word' id='word_1_67' title='bbox 1147 1435 1269 1529; x_wconf 83' lang='lat' dir='ltr'><strong>prino:</strong></span> 
     </span>
     <span class='ocr_line' id='line_1_10' title="bbox 154 1561 1268 1657; baseline -0.001 -22"><span class='ocrx_word' id='word_1_68' title='bbox 154 1564 280 1648; x_wconf 83' lang='lat' dir='ltr'><strong>Quem</strong></span> <span class='ocrx_word' id='word_1_69' title='bbox 299 1562 382 1633; x_wconf 87' lang='lat' dir='ltr'><strong>tibi.</strong></span> <span class='ocrx_word' id='word_1_70' title='bbox 402 1603 452 1612; x_wconf 92' lang='lat'>-</span> <span class='ocrx_word' id='word_1_71' title='bbox 471 1561 623 1632; x_wconf 88' lang='lat' dir='ltr'><strong>Sohard.:</strong></span> <span class='ocrx_word' id='word_1_72' title='bbox 651 1563 775 1646; x_wconf 80' lang='lat' dir='ltr'><strong>Quem</strong></span> <span class='ocrx_word' id='word_1_73' title='bbox 796 1563 861 1634; x_wconf 88' lang='lat' dir='ltr'><strong>ibi.</strong></span> <span class='ocrx_word' id='word_1_74' title='bbox 905 1561 983 1633; x_wconf 91' lang='lat' dir='ltr'><strong>lbid.</strong></span> <span class='ocrx_word' id='word_1_75' title='bbox 1004 1563 1058 1632; x_wconf 90' lang='lat' dir='ltr'><strong>lin.</strong></span> <span class='ocrx_word' id='word_1_76' title='bbox 1080 1562 1123 1632; x_wconf 87' lang='lat'><strong>81</strong></span> <span class='ocrx_word' id='word_1_77' title='bbox 1147 1563 1268 1657; x_wconf 79' lang='lat' dir='ltr'><strong>prinu:</strong></span> 
     </span>
     <span class='ocr_line' id='line_1_11' title="bbox 157 1687 1269 1783; baseline 0 -22"><span class='ocrx_word' id='word_1_78' title='bbox 157 1690 204 1762; x_wconf 91' lang='lat' dir='ltr'><strong>de</strong></span> <span class='ocrx_word' id='word_1_79' title='bbox 229 1689 397 1760; x_wconf 86' lang='lat' dir='ltr'>Didone.</span> <span class='ocrx_word' id='word_1_80' title='bbox 426 1729 475 1760; x_wconf 74' lang='lat'><strong>—,-</strong></span> <span class='ocrx_word' id='word_1_81' title='bbox 501 1687 652 1760; x_wconf 78' lang='lat' dir='ltr'><strong>Seharri:</strong></span> <span class='ocrx_word' id='word_1_82' title='bbox 680 1689 726 1758; x_wconf 91' lang='lat' dir='ltr'><strong>de</strong></span> <span class='ocrx_word' id='word_1_83' title='bbox 752 1687 950 1760; x_wconf 89' lang='lat' dir='ltr'><strong>Diodone.</strong></span> <span class='ocrx_word' id='word_1_84' title='bbox 1005 1687 1083 1783; x_wconf 89' lang='lat' dir='ltr'><strong>Cap.</strong></span> <span class='ocrx_word' id='word_1_85' title='bbox 1112 1689 1133 1759; x_wconf 91' lang='lat'>5</span> <span class='ocrx_word' id='word_1_86' title='bbox 1161 1690 1216 1760; x_wconf 87' lang='lat' dir='ltr'><strong>lin.</strong></span> <span class='ocrx_word' id='word_1_87' title='bbox 1245 1691 1269 1761; x_wconf 88' lang='grc'>4</span> 
     </span>
     <span class='ocr_line' id='line_1_12' title="bbox 155 1815 1270 1913; baseline -0.001 -24"><span class='ocrx_word' id='word_1_88' title='bbox 155 1818 275 1913; x_wconf 80' lang='lat' dir='ltr'><strong>prino:</strong></span> <span class='ocrx_word' id='word_1_89' title='bbox 295 1826 332 1886; x_wconf 88' lang='lat' dir='ltr'><strong>et</strong></span> <span class='ocrx_word' id='word_1_90' title='bbox 350 1825 544 1910; x_wconf 89' lang='lat' dir='ltr'><strong>corrupta</strong></span> <span class='ocrx_word' id='word_1_91' title='bbox 563 1817 805 1911; x_wconf 75' lang='lat' dir='ltr'><strong>corrumpit.</strong></span> <span class='ocrx_word' id='word_1_92' title='bbox 827 1859 875 1867; x_wconf 91' lang='lat'><strong>—-</strong></span> <span class='ocrx_word' id='word_1_93' title='bbox 893 1815 1044 1887; x_wconf 86' lang='lat' dir='ltr'><strong>Sohard.:</strong></span> <span class='ocrx_word' id='word_1_94' title='bbox 1072 1828 1270 1911; x_wconf 77' lang='lat' dir='ltr'><strong>corrupta</strong></span> 
     </span>
     <span class='ocr_line' id='line_1_13' title="bbox 154 1941 1268 2038; baseline 0 -24"><span class='ocrx_word' id='word_1_95' title='bbox 154 1955 195 2014; x_wconf 91' lang='lat' dir='ltr'><strong>et</strong></span> <span class='ocrx_word' id='word_1_96' title='bbox 228 1966 331 2014; x_wconf 86' lang='lat' dir='ltr'><strong>oorr.</strong></span> <span class='ocrx_word' id='word_1_97' title='bbox 385 1941 462 2037; x_wconf 89' lang='lat' dir='ltr'><strong>Cap.</strong></span> <span class='ocrx_word' id='word_1_98' title='bbox 491 1943 512 2012; x_wconf 82' lang='lat'><strong>7</strong></span> <span class='ocrx_word' id='word_1_99' title='bbox 542 1942 597 2012; x_wconf 81' lang='lat' dir='ltr'><strong>tn.</strong></span> <span class='ocrx_word' id='word_1_100' title='bbox 627 1941 673 2013; x_wconf 83' lang='lat'><strong>62</strong></span> <span class='ocrx_word' id='word_1_101' title='bbox 702 1943 821 2038; x_wconf 80' lang='lat' dir='ltr'><strong>prino:</strong></span> <span class='ocrx_word' id='word_1_102' title='bbox 858 1944 1039 2038; x_wconf 84' lang='lat' dir='ltr'><strong>populus</strong></span> <span class='ocrx_word' id='word_1_103' title='bbox 1066 1967 1083 2012; x_wconf 90' lang='lat' dir='ltr'><strong>a</strong></span> <span class='ocrx_word' id='word_1_104' title='bbox 1112 1952 1268 2014; x_wconf 88' lang='lat' dir='ltr'><strong>natura.</strong></span> 
     </span>
     <span class='ocr_line' id='line_1_14' title="bbox 156 2069 1271 2166; baseline 0.001 -24"><span class='ocrx_word' id='word_1_105' title='bbox 156 2111 206 2123; x_wconf 84' lang='lat'>-</span> <span class='ocrx_word' id='word_1_106' title='bbox 233 2069 385 2142; x_wconf 88' lang='lat' dir='ltr'><strong>Sohard.:</strong></span> <span class='ocrx_word' id='word_1_107' title='bbox 411 2092 498 2165; x_wconf 91' lang='lat' dir='ltr'><strong>pop.</strong></span> <span class='ocrx_word' id='word_1_108' title='bbox 527 2080 685 2141; x_wconf 89' lang='lat' dir='ltr'><strong>natura.</strong></span> <span class='ocrx_word' id='word_1_109' title='bbox 730 2069 808 2166; x_wconf 85' lang='lat' dir='ltr'><strong>Cap.</strong></span> <span class='ocrx_word' id='word_1_110' title='bbox 842 2070 884 2140; x_wconf 87' lang='lat' dir='ltr'><strong>to</strong></span> <span class='ocrx_word' id='word_1_111' title='bbox 913 2071 969 2140; x_wconf 91' lang='lat' dir='ltr'><strong>lin.</strong></span> <span class='ocrx_word' id='word_1_112' title='bbox 999 2069 1047 2141; x_wconf 84' lang='lat'><strong>60</strong></span> <span class='ocrx_word' id='word_1_113' title='bbox 1074 2070 1196 2165; x_wconf 83' lang='lat' dir='ltr'><strong>prino:</strong></span> <span class='ocrx_word' id='word_1_114' title='bbox 1224 2071 1271 2142; x_wconf 88' lang='lat' dir='ltr'><strong>de</strong></span> 
     </span>
     <span class='ocr_line' id='line_1_15' title="bbox 157 2195 858 2270; baseline -0.009 -1"><span class='ocrx_word' id='word_1_115' title='bbox 157 2198 317 2270; x_wconf 83' lang='lat' dir='ltr'><strong>Goliah.</strong></span> <span class='ocrx_word' id='word_1_116' title='bbox 346 2239 393 2248; x_wconf 90' lang='lat'><strong>-—</strong></span> <span class='ocrx_word' id='word_1_117' title='bbox 422 2196 575 2268; x_wconf 86' lang='lat' dir='ltr'><strong>Schard.:</strong></span> <span class='ocrx_word' id='word_1_118' title='bbox 603 2197 649 2267; x_wconf 87' lang='lat' dir='ltr'><strong>de</strong></span> <span class='ocrx_word' id='word_1_119' title='bbox 678 2195 858 2267; x_wconf 86' lang='lat' dir='ltr'><strong>Goliath.</strong></span> 
     </span>
    </p>

    <p class='ocr_par' dir='ltr' id='par_1_3' title="bbox 158 2321 1270 2667">
     <span class='ocr_line' id='line_1_16' title="bbox 257 2321 1270 2395; baseline -0.001 -1"><span class='ocrx_word' id='word_1_120' title='bbox 257 2325 568 2395; x_wconf 80' lang='lat' dir='ltr'><strong>Anunarounrnnsrs</strong></span> <span class='ocrx_word' id='word_1_121' title='bbox 602 2325 678 2392; x_wconf 89' lang='lat' dir='ltr'><strong>anni</strong></span> <span class='ocrx_word' id='word_1_122' title='bbox 709 2321 804 2392; x_wconf 82' lang='lat'>1609</span> <span class='ocrx_word' id='word_1_123' title='bbox 841 2322 939 2392; x_wconf 89' lang='lat' dir='ltr'><strong>editio</strong></span> <span class='ocrx_word' id='word_1_124' title='bbox 968 2323 1202 2392; x_wconf 85' lang='lat' dir='ltr'><strong>Sohardianam</strong></span> <span class='ocrx_word' id='word_1_125' title='bbox 1230 2324 1270 2393; x_wconf 91' lang='lat' dir='ltr'><strong>ad</strong></span> 
     </span>
     <span class='ocr_line' id='line_1_17' title="bbox 158 2448 1270 2544; baseline -0.002 -21"><span class='ocrx_word' id='word_1_126' title='bbox 158 2451 283 2522; x_wconf 85' lang='lat' dir='ltr'><strong>literam</strong></span> <span class='ocrx_word' id='word_1_127' title='bbox 319 2460 481 2544; x_wconf 87' lang='lat' dir='ltr'><strong>repetere,</strong></span> <span class='ocrx_word' id='word_1_128' title='bbox 514 2451 617 2520; x_wconf 90' lang='lat' dir='ltr'><strong>immo</strong></span> <span class='ocrx_word' id='word_1_129' title='bbox 646 2448 759 2519; x_wconf 92' lang='lat' dir='ltr'><strong>eadem</strong></span> <span class='ocrx_word' id='word_1_130' title='bbox 788 2473 862 2520; x_wconf 87' lang='lat' dir='ltr'><strong>oum</strong></span> <span class='ocrx_word' id='word_1_131' title='bbox 891 2449 959 2540; x_wconf 82' lang='lat' dir='ltr'><strong>itta,</strong></span> <span class='ocrx_word' id='word_1_132' title='bbox 995 2458 1117 2519; x_wconf 89' lang='lat' dir='ltr'><strong>mutato</strong></span> <span class='ocrx_word' id='word_1_133' title='bbox 1145 2460 1270 2521; x_wconf 89' lang='lat' dir='ltr'><strong>tantum</strong></span> 
     </span>
     <span class='ocr_line' id='line_1_18' title="bbox 160 2575 523 2667; baseline -0.011 -19"><span class='ocrx_word' id='word_1_134' title='bbox 160 2579 264 2667; x_wconf 81' lang='lat' dir='ltr'><strong>tituto,</strong></span> <span class='ocrx_word' id='word_1_135' title='bbox 290 2599 361 2646; x_wconf 90' lang='lat' dir='ltr'><strong>esse</strong></span> <span class='ocrx_word' id='word_1_136' title='bbox 388 2575 523 2645; x_wconf 86' lang='lat' dir='ltr'><strong>videtur.</strong></span> 
     </span>
    </p>

    <p class='ocr_par' dir='ltr' id='par_1_4' title="bbox 160 2699 1276 3684">
     <span class='ocr_line' id='line_1_19' title="bbox 261 2699 1274 2796; baseline 0.001 -23"><span class='ocrx_word' id='word_1_137' title='bbox 261 2701 537 2773; x_wconf 85' lang='lat' dir='ltr'><strong>Offenbaohiensis</strong></span> <span class='ocrx_word' id='word_1_138' title='bbox 564 2701 715 2773; x_wconf 78' lang='lat' dir='ltr'><strong>Jononmr</strong></span> <span class='ocrx_word' id='word_1_139' title='bbox 733 2699 876 2790; x_wconf 82' lang='lat' dir='ltr'><strong>Cnursn,</strong></span> <span class='ocrx_word' id='word_1_140' title='bbox 902 2700 1139 2796; x_wconf 84' lang='lat' dir='ltr'><strong>Megapolitani,</strong></span> <span class='ocrx_word' id='word_1_141' title='bbox 1165 2704 1274 2794; x_wconf 88' lang='lat' dir='ltr'><strong>editio,</strong></span> 
     </span>
     <span class='ocr_line' id='line_1_20' title="bbox 160 2827 1274 2922; baseline 0 -21"><span class='ocrx_word' id='word_1_142' title='bbox 160 2829 323 2901; x_wconf 80' lang='lat' dir='ltr'><strong>Conradio</strong></span> <span class='ocrx_word' id='word_1_143' title='bbox 358 2827 592 2917; x_wconf 78' lang='lat' dir='ltr'><strong>Rimrstusio,</strong></span> <span class='ocrx_word' id='word_1_144' title='bbox 628 2828 715 2899; x_wconf 87' lang='lat' dir='ltr'><strong>Juris</strong></span> <span class='ocrx_word' id='word_1_145' title='bbox 752 2828 901 2899; x_wconf 85' lang='lat' dir='ltr'><strong>consulto</strong></span> <span class='ocrx_word' id='word_1_146' title='bbox 940 2827 1010 2922; x_wconf 87' lang='lat' dir='ltr'><strong>ejus</strong></span> <span class='ocrx_word' id='word_1_147' title='bbox 1044 2830 1157 2900; x_wconf 88' lang='lat' dir='ltr'><strong>aetatis</strong></span> <span class='ocrx_word' id='word_1_148' title='bbox 1191 2831 1274 2901; x_wconf 85' lang='lat' dir='ltr'><strong>cele·</strong></span> 
     </span>
     <span class='ocr_line' id='line_1_21' title="bbox 160 2955 1276 3052; baseline 0.001 -24"><span class='ocrx_word' id='word_1_149' title='bbox 160 2957 315 3048; x_wconf 85' lang='lat' dir='ltr'><strong>berrimo,</strong></span> <span class='ocrx_word' id='word_1_150' title='bbox 342 2956 454 3047; x_wconf 83' lang='lat' dir='ltr'><strong>dicata,</strong></span> <span class='ocrx_word' id='word_1_151' title='bbox 481 2980 561 3052; x_wconf 88' lang='lat' dir='ltr'><strong>quae</strong></span> <span class='ocrx_word' id='word_1_152' title='bbox 581 2979 706 3046; x_wconf 88' lang='lat' dir='ltr'><strong>omnes,</strong></span> <span class='ocrx_word' id='word_1_153' title='bbox 732 2956 788 3049; x_wconf 86' lang='lat' dir='ltr'><strong>qui</strong></span> <span class='ocrx_word' id='word_1_154' title='bbox 805 2955 845 3026; x_wconf 91' lang='lat' dir='ltr'><strong>de</strong></span> <span class='ocrx_word' id='word_1_155' title='bbox 865 2956 926 3027; x_wconf 90' lang='lat' dir='ltr'><strong>hoo</strong></span> <span class='ocrx_word' id='word_1_156' title='bbox 944 2965 1136 3049; x_wconf 81' lang='lat' dir='ltr'><strong>argumento</strong></span> <span class='ocrx_word' id='word_1_157' title='bbox 1162 2967 1276 3029; x_wconf 81' lang='lat' dir='ltr'><strong>tracta·</strong></span> 
     </span>
     <span class='ocr_line' id='line_1_22' title="bbox 161 3082 1274 3178; baseline 0 -23"><span class='ocrx_word' id='word_1_158' title='bbox 161 3095 247 3175; x_wconf 88' lang='lat' dir='ltr'><strong>runt,</strong></span> <span class='ocrx_word' id='word_1_159' title='bbox 272 3084 358 3154; x_wconf 88' lang='lat' dir='ltr'><strong>viros</strong></span> <span class='ocrx_word' id='word_1_160' title='bbox 377 3083 498 3172; x_wconf 86' lang='lat' dir='ltr'><strong>doctos,</strong></span> <span class='ocrx_word' id='word_1_161' title='bbox 524 3083 557 3152; x_wconf 93' lang='lat' dir='ltr'><strong>in</strong></span> <span class='ocrx_word' id='word_1_162' title='bbox 578 3093 734 3176; x_wconf 89' lang='lat' dir='ltr'><strong>quantum</strong></span> <span class='ocrx_word' id='word_1_163' title='bbox 753 3082 855 3172; x_wconf 88' lang='lat' dir='ltr'><strong>video,</strong></span> <span class='ocrx_word' id='word_1_164' title='bbox 882 3082 974 3175; x_wconf 83' lang='lat' dir='ltr'><strong>sugit,</strong></span> <span class='ocrx_word' id='word_1_165' title='bbox 1000 3083 1180 3178; x_wconf 91' lang='lat' dir='ltr'><strong>prinoipem</strong></span> <span class='ocrx_word' id='word_1_166' title='bbox 1208 3095 1274 3155; x_wconf 89' lang='lat' dir='ltr'><strong>tam</strong></span> 
     </span>
     <span class='ocr_line' id='line_1_23' title="bbox 161 3209 1275 3308; baseline -0.001 -26"><span class='ocrx_word' id='word_1_167' title='bbox 161 3235 271 3308; x_wconf 81' lang='lat' dir='ltr'><strong>presse</strong></span> <span class='ocrx_word' id='word_1_168' title='bbox 290 3210 445 3305; x_wconf 87' lang='lat' dir='ltr'><strong>sequitur,</strong></span> <span class='ocrx_word' id='word_1_169' title='bbox 465 3221 499 3280; x_wconf 93' lang='lat' dir='ltr'><strong>ut</strong></span> <span class='ocrx_word' id='word_1_170' title='bbox 516 3209 782 3280; x_wconf 75' lang='lat' dir='ltr'><strong>emendationum</strong></span> <span class='ocrx_word' id='word_1_171' title='bbox 801 3210 836 3279; x_wconf 94' lang='lat' dir='ltr'><strong>in</strong></span> <span class='ocrx_word' id='word_1_172' title='bbox 854 3209 960 3304; x_wconf 92' lang='lat' dir='ltr'><strong>primo</strong></span> <span class='ocrx_word' id='word_1_173' title='bbox 978 3209 1062 3279; x_wconf 87' lang='lat' dir='ltr'><strong>libro</strong></span> <span class='ocrx_word' id='word_1_174' title='bbox 1080 3234 1097 3279; x_wconf 86' lang='lat' dir='ltr'><strong>a</strong></span> <span class='ocrx_word' id='word_1_175' title='bbox 1117 3210 1275 3282; x_wconf 86' lang='lat' dir='ltr'><strong>Sehardio</strong></span> 
     </span>
     <span class='ocr_line' id='line_1_24' title="bbox 162 3335 1275 3432; baseline 0 -23"><span class='ocrx_word' id='word_1_176' title='bbox 162 3340 194 3410; x_wconf 92' lang='lat' dir='ltr'><strong>in</strong></span> <span class='ocrx_word' id='word_1_177' title='bbox 230 3348 351 3409; x_wconf 85' lang='lat' dir='ltr'><strong>textum</strong></span> <span class='ocrx_word' id='word_1_178' title='bbox 387 3347 590 3432; x_wconf 80' lang='lat' dir='ltr'><strong>receptarum</strong></span> <span class='ocrx_word' id='word_1_179' title='bbox 620 3359 684 3406; x_wconf 92' lang='lat' dir='ltr'><strong>non</strong></span> <span class='ocrx_word' id='word_1_180' title='bbox 713 3337 775 3407; x_wconf 88' lang='lat' dir='ltr'><strong>nisi</strong></span> <span class='ocrx_word' id='word_1_181' title='bbox 803 3335 980 3406; x_wconf 88' lang='lat' dir='ltr'><strong>secundam</strong></span> <span class='ocrx_word' id='word_1_182' title='bbox 1008 3346 1039 3405; x_wconf 85' lang='lat' dir='ltr'><strong>et</strong></span> <span class='ocrx_word' id='word_1_183' title='bbox 1068 3337 1213 3408; x_wconf 81' lang='lat' dir='ltr'><strong>ultimam</strong></span> <span class='ocrx_word' id='word_1_184' title='bbox 1241 3339 1275 3409; x_wconf 91' lang='lat' dir='ltr'><strong>iu</strong></span> 
     </span>
     <span class='ocr_line' id='line_1_25' title="bbox 163 3463 1275 3554; baseline -0.001 -18"><span class='ocrx_word' id='word_1_185' title='bbox 163 3488 241 3536; x_wconf 91' lang='lat' dir='ltr'><strong>usus</strong></span> <span class='ocrx_word' id='word_1_186' title='bbox 274 3487 351 3535; x_wconf 90' lang='lat' dir='ltr'><strong>suos</strong></span> <span class='ocrx_word' id='word_1_187' title='bbox 386 3464 599 3554; x_wconf 84' lang='lat' dir='ltr'><strong>converterit,</strong></span> <span class='ocrx_word' id='word_1_188' title='bbox 634 3464 829 3534; x_wconf 88' lang='lat' dir='ltr'><strong>mutationes</strong></span> <span class='ocrx_word' id='word_1_189' title='bbox 855 3486 932 3532; x_wconf 89' lang='lat' dir='ltr'><strong>vero</strong></span> <span class='ocrx_word' id='word_1_190' title='bbox 960 3463 993 3532; x_wconf 94' lang='lat' dir='ltr'><strong>in</strong></span> <span class='ocrx_word' id='word_1_191' title='bbox 1021 3463 1164 3534; x_wconf 83' lang='lat' dir='ltr'><strong>secundo</strong></span> <span class='ocrx_word' id='word_1_192' title='bbox 1192 3465 1275 3536; x_wconf 86' lang='lat' dir='ltr'><strong>libro</strong></span> 
     </span>
     <span class='ocr_line' id='line_1_26' title="bbox 163 3589 589 3684; baseline -0.007 -22"><span class='ocrx_word' id='word_1_193' title='bbox 163 3593 261 3662; x_wconf 82' lang='lat' dir='ltr'><strong>saetas</strong></span> <span class='ocrx_word' id='word_1_194' title='bbox 289 3589 435 3684; x_wconf 79' lang='lat' dir='ltr'><strong>rejecerit</strong></span> <span class='ocrx_word' id='word_1_195' title='bbox 462 3614 589 3661; x_wconf 91' lang='lat' dir='ltr'><strong>omnes.</strong></span> 
     </span>
    </p>

    <p class='ocr_par' dir='ltr' id='par_1_5' title="bbox 266 3711 1277 3814">
     <span class='ocr_line' id='line_1_27' title="bbox 266 3711 1277 3814; baseline 0 -26"><span class='ocrx_word' id='word_1_196' title='bbox 266 3719 354 3802; x_wconf 80' lang='lat' dir='ltr'><strong>Quae</strong></span> <span class='ocrx_word' id='word_1_197' title='bbox 381 3743 415 3788; x_wconf 90' lang='lat' dir='ltr'><strong>se</strong></span> <span class='ocrx_word' id='word_1_198' title='bbox 443 3717 608 3789; x_wconf 82' lang='lat' dir='ltr'><strong>Conosnn</strong></span> <span class='ocrx_word' id='word_1_199' title='bbox 626 3717 845 3789; x_wconf 80' lang='lat' dir='ltr'><strong>Annosnooun</strong></span> <span class='ocrx_word' id='word_1_200' title='bbox 872 3711 1058 3814; x_wconf 80' lang='lat' dir='ltr'><strong>(Giuevrne)</strong></span> <span class='ocrx_word' id='word_1_201' title='bbox 1080 3740 1118 3786; x_wconf 82' lang='lat' dir='ltr'><strong>ex</strong></span> <span class='ocrx_word' id='word_1_202' title='bbox 1146 3717 1277 3788; x_wconf 83' lang='lat' dir='ltr'><strong>officina</strong></span> 
     </span>
    </p>
   </div>
   <div class='ocr_carea' id='block_1_3' title="bbox 167 3843 1297 3945">
    <p class='ocr_par' dir='ltr' id='par_1_6' title="bbox 167 3843 1297 3945">
     <span class='ocr_line' id='line_1_28' title="bbox 167 3843 1297 3945; baseline -0.001 -30"><span class='ocrx_word' id='word_1_203' title='bbox 167 3845 267 3917; x_wconf 90' lang='lat' dir='ltr'><strong>Henr.</strong></span> <span class='ocrx_word' id='word_1_204' title='bbox 295 3845 366 3916; x_wconf 82' lang='lat' dir='ltr'><strong>nth.</strong></span> <span class='ocrx_word' id='word_1_205' title='bbox 388 3843 507 3916; x_wconf 87' lang='lat' dir='ltr'><strong>Grosse</strong></span> <span class='ocrx_word' id='word_1_206' title='bbox 535 3843 692 3939; x_wconf 86' lang='lat' dir='ltr'><strong>prodiisse</strong></span> <span class='ocrx_word' id='word_1_207' title='bbox 719 3845 889 3938; x_wconf 84' lang='lat' dir='ltr'><strong>signifieat,</strong></span> <span class='ocrx_word' id='word_1_208' title='bbox 916 3844 1020 3938; x_wconf 90' lang='lat' dir='ltr'><strong>reipsa</strong></span> <span class='ocrx_word' id='word_1_209' title='bbox 1048 3853 1154 3914; x_wconf 90' lang='lat' dir='ltr'><strong>tamen</strong></span> <span class='ocrx_word' id='word_1_210' title='bbox 1175 3843 1297 3945; x_wconf 24' lang='lat' dir='ltr'><strong>Vane-¹</strong></span> 
     </span>
    </p>
   </div>
   <div class='ocr_carea' id='block_1_4' title="bbox 166 3971 1280 4322">
    <p class='ocr_par' dir='ltr' id='par_1_7' title="bbox 166 3971 1280 4322">
     <span class='ocr_line' id='line_1_29' title="bbox 170 3971 1280 4068; baseline -0.001 -25"><span class='ocrx_word' id='word_1_211' title='bbox 170 3973 222 4044; x_wconf 86' lang='lat' dir='ltr'><strong>tiis</strong></span> <span class='ocrx_word' id='word_1_212' title='bbox 240 3996 298 4067; x_wconf 90' lang='lat' dir='ltr'><strong>per</strong></span> <span class='ocrx_word' id='word_1_213' title='bbox 316 3971 507 4052; x_wconf 71' lang='lat' dir='ltr'><strong>Pisounnnn</strong></span> <span class='ocrx_word' id='word_1_214' title='bbox 526 3972 609 4068; x_wconf 84' lang='lat' dir='ltr'><strong>typis</strong></span> <span class='ocrx_word' id='word_1_215' title='bbox 636 3996 785 4067; x_wconf 82' lang='lat' dir='ltr'><strong>expressa</strong></span> <span class='ocrx_word' id='word_1_216' title='bbox 813 3994 883 4042; x_wconf 88' lang='lat' dir='ltr'><strong>esse</strong></span> <span class='ocrx_word' id='word_1_217' title='bbox 911 3971 1037 4061; x_wconf 82' lang='lat' dir='ltr'><strong>dieitur,</strong></span> <span class='ocrx_word' id='word_1_218' title='bbox 1063 3971 1172 4059; x_wconf 89' lang='lat' dir='ltr'><strong>editio,</strong></span> <span class='ocrx_word' id='word_1_219' title='bbox 1200 3983 1280 4042; x_wconf 90' lang='lat' dir='ltr'><strong>teste</strong></span> 
     </span>
     <span class='ocr_line' id='line_1_30' title="bbox 166 4097 1276 4194; baseline -0.003 -25"><span class='ocrx_word' id='word_1_220' title='bbox 166 4098 434 4194; x_wconf 78' lang='lat' dir='ltr'><strong>praefatiuncula,</strong></span> <span class='ocrx_word' id='word_1_221' title='bbox 468 4097 719 4187; x_wconf 86' lang='lat' dir='ltr'><strong>Sohardianam,</strong></span> <span class='ocrx_word' id='word_1_222' title='bbox 752 4098 800 4168; x_wconf 89' lang='lat' dir='ltr'><strong>vel</strong></span> <span class='ocrx_word' id='word_1_223' title='bbox 836 4098 942 4192; x_wconf 89' lang='lat' dir='ltr'><strong>potius</strong></span> <span class='ocrx_word' id='word_1_224' title='bbox 969 4097 1276 4190; x_wconf 70' lang='lat' dir='ltr'><strong>Argentoratensem</strong></span> 
     </span>
     <span class='ocr_line' id='line_1_31' title="bbox 166 4224 1278 4322; baseline -0.004 -25"><span class='ocrx_word' id='word_1_225' title='bbox 166 4225 235 4320; x_wconf 87' lang='lat' dir='ltr'><strong>ejus</strong></span> <span class='ocrx_word' id='word_1_226' title='bbox 253 4225 494 4321; x_wconf 85' lang='lat' dir='ltr'><strong>repetitionem,</strong></span> <span class='ocrx_word' id='word_1_227' title='bbox 522 4227 582 4298; x_wconf 90' lang='lat' dir='ltr'><strong>sibi</strong></span> <span class='ocrx_word' id='word_1_228' title='bbox 608 4225 777 4322; x_wconf 89' lang='lat' dir='ltr'><strong>proposuit</strong></span> <span class='ocrx_word' id='word_1_229' title='bbox 804 4224 1008 4313; x_wconf 87' lang='lat' dir='ltr'><strong>imitandam,</strong></span> <span class='ocrx_word' id='word_1_230' title='bbox 1027 4234 1059 4293; x_wconf 89' lang='lat' dir='ltr'><strong>et</strong></span> <span class='ocrx_word' id='word_1_231' title='bbox 1085 4224 1278 4318; x_wconf 85' lang='lat' dir='ltr'><strong>nequidem</strong></span> 
     </span>
    </p>
   </div>
   <div class='ocr_carea' id='block_1_5' title="bbox 0 0 1496 5040">
    <p class='ocr_par' dir='ltr' id='par_1_8' title="bbox 0 0 1496 5040">
     <span class='ocr_line' id='line_1_32' title="bbox 0 0 1496 5040; baseline 0 0"><span class='ocrx_word' id='word_1_232' title='bbox 0 0 1496 5040; x_wconf 95' lang='lat' dir='ltr'><strong> </strong></span> 
     </span>
    </p>
   </div>
  </div>
 </body>
</html>
