2940 5040
203 315 241 378 18
461 318 596 374 DANTIS
613 317 832 374 MONAROHIA
849 318 871 371 I.
890 318 919 372 C.
941 322 979 370 ll.
999 320 1061 382 (13).

285 491 445 572 Quantum
459 509 534 572 ergo
550 490 592 555 ad
608 490 798 574 habitum,
815 489 936 556 iustitia
951 489 1207 557 contrarietatem
1222 491 1322 559 habet

201 592 390 675 quandoque
417 591 451 656 in
472 593 593 676 velle3
627 612 701 658 nam
722 593 778 658 ubi
800 594 948 659 voluntas
971 593 1012 657 ab
1035 591 1121 658 omni
1143 592 1321 677 cupiditate

200 695 323 762 sincera
344 716 407 762 non
428 700 476 762 est
482 745 490 780 ,
520 694 579 762 etsi
598 694 683 760 adsit
703 694 840 777 iustitia,
868 699 1065 760 nontamen
1088 694 1216 760 omnino
1238 695 1321 763 inest

200 796 234 861 in
255 797 377 880 fulgore
400 816 475 862 suae
498 797 654 880 puritatis,
676 797 775 862 habet
790 797 873 862 enim
889 796 1074 879 subiectum,
1089 796 1165 863 lieet
1179 797 1319 882 minime,

151 917 183 968 ao
201 899 383 981 aliqualiter
397 902 504 963 tamen
518 898 580 963 sibi
595 897 759 982 resistens;
775 902 905 983 propter
920 898 1006 980 quod
1017 899 1098 965 bene
1112 900 1320 984 repelluntur,

201 1001 256 1082 qui
276 999 413 1066 iudicem
434 999 619 1085 passionare
641 1004 802 1066 conantur.
846 1000 1006 1081 Quantum
1021 1021 1097 1066 vero
1112 1000 1155 1065 ad
1178 1022 1317 1086 opera-

200 1102 356 1186 tionem,
379 1101 501 1167 iustitia
522 1101 776 1167 contrarietatem
796 1103 893 1169 habet
914 1103 948 1166 in
967 1121 1101 1186 posse;
1124 1122 1199 1168 nam
1223 1122 1318 1185 quum

199 1203 320 1270 iustitia
342 1203 385 1269 sit
406 1203 505 1280 virtus
527 1202 570 1267 ad
591 1204 741 1286 alterum,
765 1204 833 1270 sine
854 1203 997 1288 potentia
1021 1202 1181 1269 tribuendi
1204 1204 1318 1287 cuique

200 1306 286 1388 quod
308 1325 397 1372 suum
420 1311 482 1389 est,
512 1304 670 1386 quomodo
699 1305 770 1387 quis
798 1305 981 1390 operabitur
1010 1304 1182 1370 secundum
1204 1305 1318 1372 illam?

150 1428 181 1478 35
199 1408 250 1474 Ex
272 1427 334 1490 quo
356 1410 452 1493 patet,
476 1405 562 1489 quod
583 1412 701 1488 quanto
723 1407 823 1472 iustus
845 1407 1018 1492 potentior,
1041 1410 1129 1472 tanto
1151 1405 1185 1470 in
1207 1427 1316 1491 opera

199 1510 286 1576 tione
308 1528 367 1574 sua
388 1508 509 1574 iustitia
531 1507 590 1576 erit
611 1508 754 1593 amplior.

284 1610 335 1675 Ex
348 1611 410 1676 hac
426 1609 534 1692 itaque
544 1609 757 1676 declaratione
771 1609 817 1676 sic
832 1616 995 1692 arguatur:
1009 1608 1136 1674 Iustitia
1149 1609 1318 1692 potissima

200 1718 248 1782 θεῖ
268 1712 302 1777 in
323 1711 454 1797 mundo,
483 1709 610 1793 quando
638 1711 856 1778 volentissimo
878 1717 910 1779 et
931 1710 1150 1797 potentissimo
1173 1712 1318 1778 subiecto

198 1814 295 1881 inest:
323 1813 503 1880 huiusmodi
528 1812 615 1879 solus
637 1813 809 1878 Monarcha
837 1817 899 1898 est;
930 1831 1005 1894 ergo
1034 1812 1095 1880 soli
1122 1814 1317 1882 Monarchae

148 1931 181 1981 40
198 1914 346 1981 insistens
368 1914 496 1997 iustitia,
519 1913 552 1978 in
567 1912 683 1980 mundo
699 1915 865 1998 potissima
879 1918 935 1981 est.
972 1916 1036 1982 Ιεῖθ
1051 1914 1317 2000 prosyllogismos

199 2016 294 2083 currit
321 2038 378 2101 per
406 2014 577 2082 secundam
604 2015 752 2100 figuram,
783 2037 854 2082 cum
880 2017 1050 2097 negatione
1072 2016 1260 2102 intrinseca,
1285 2022 1318 2084 et

198 2125 246 2187 est
268 2117 381 2183 similis
395 2118 483 2184 huic:
506 2117 607 2185 Omne
628 2118 655 2182 B
678 2124 727 2184 est
748 2119 786 2201 A,
810 2118 913 2184 solum
935 2117 960 2184 C
983 2123 1032 2184 θεῖ
1053 2120 1096 2203 Α;
1121 2137 1197 2200 ergo
1213 2120 1316 2186 solum

198 2219 223 2286 C
246 2225 294 2287 est
314 2220 350 2285 B.
400 2218 493 2299 Quod
516 2226 578 2285 est:
607 2218 708 2286 Omne
730 2218 757 2282 B
780 2223 828 2285 θεῖ
849 2220 894 2301 A,
922 2220 1044 2285 nullum
1065 2227 1192 2304 praeter
1215 2221 1239 2287 Ο
1268 2227 1318 2289 θεῖ

198 2321 241 2405 Α;
264 2339 341 2402 ergo
362 2321 484 2385 nullum
505 2328 633 2406 praeter
655 2322 679 2388 O
702 2328 750 2388 est
770 2320 806 2386 B.

220 2490 243 2523 ³⁷
259 2488 294 2540 H.
304 2504 367 2541 oum
382 2488 438 2541 uisi
453 2487 578 2542 voluntas
847 2497 980 2558 quotenus
996 2489 1137 2558 legendum
1154 2497 1230 2558 puto,
1251 2491 1316 2563 licet

281 2572 313 2625 F.
331 2572 364 2626 ab
383 2573 457 2626 omni
472 2572 600 2643 cupidine
846 2574 984 2628 literarum
1014 2573 1112 2628 ductus
1138 2575 1250 2643 propius
1279 2576 1314 2631 ad

222 2657 245 2690 ³³
261 2657 305 2710 Ita
322 2657 436 2711 habetur
458 2657 486 2710 in
503 2656 624 2711 versione
641 2656 729 2710 Fioini
846 2659 1006 2713 couveniens
1023 2658 1161 2712 accedant.

246 2729 388 2796 ⁴-00dd
398 2748 425 2795 et
443 2741 501 2796 edd.
528 2743 583 2795 stoc
602 2743 728 2812 potentia
803 2743 825 2776 ³³
843 2742 876 2796 F.
889 2743 1081 2812 potentissima

264 2826 400 2882 tribuendi
803 2827 826 2860 ³³
842 2827 881 2881 M.
900 2827 930 2880 P.
951 2826 1132 2884 valentissimo
1150 2835 1176 2884 et
1192 2837 1294 2901 potent.

222 2913 244 2946 ³³
262 2913 315 2967 Pro
334 2911 467 2983 quomodo
478 2910 630 2966 codFelin.
646 2912 728 2966 habet
802 2912 826 2945 ¹³⁰
844 2911 874 2964 F.
892 2912 925 2965 V.
939 2914 1127 2982 potentissima

265 2997 369 3066 signum
403 2997 623 3063 abbreviationiS‚
656 2996 727 3065 quod

263 3151 286 3183 ³¹
304 3150 337 3203 L.
357 3154 380 3202 1.
400 3148 463 3203 Cod.
490 3149 532 3203 De
549 3150 641 3204 Poena
663 3149 758 3203 iudicis
782 3150 826 3216 qui
843 3149 912 3203 male
929 3149 1057 3203 iudicavit
1074 3151 1143 3206 rVIl.
1162 3143 1215 3215 rol)
1242 3151 1312 3216 „Im-

214 3224 303 3272 erator
319 3220 480 3272 Arrorrrns
498 3217 683 3282 (Caesenam)
701 3218 734 3270 A.
752 3216 787 3271 ad
805 3217 937 3272 Gaudium
955 3217 998 3280 (ad
1010 3218 1131 3272 Cassium
1143 3217 1311 3280 Sabinumll.

193 3235 322 3341 donstitit
338 3287 366 3338 in
384 3296 551 3354 quacumque
570 3301 660 3351 causa,
678 3286 732 3340 slve
748 3286 867 3354 privata,
886 3286 941 3340 sive
958 3287 1073 3354 publica,
1093 3286 1147 3340 sive
1165 3285 1262 3353 fiscali,
1281 3292 1313 3342 ut

193 3354 298 3409 cuicum
317 3368 351 3407 ue
361 3353 424 3407 data
440 3353 522 3408 fuerit
533 3354 655 3422 pecunia,
672 3355 811 3420 veliudici,
829 3354 870 3407 vel
882 3353 1042 3419 adversario,
1061 3355 1166 3407 amittat
1179 3356 1311 3410 actionem

192 3421 216 3476 is
234 3421 279 3490 qui
296 3371 444 3519 diligentia
461 3423 548 3476 iustae
565 3422 713 3508 sententiae
729 3423 756 3475 in
773 3423 903 3490 pecuniae
921 3423 1099 3502 corruptelam
1117 3438 1191 3542 Sim
1211 3424 1312 3492 negotii

192 3490 503 3612 θθθθεθθ
529 3490 721 3636 ῖθθεθ,
740 3489 1311 3625 ascenderisest...

191 3626 244 3681 hoc
262 3625 432 3680 manifestum
449 3642 482 3680 ex
499 3625 542 3679 his
578 3641 628 3679 uae
641 3625 712 3679 ducta
723 3632 793 3678 sunt.
820 3626 872 3680 Est
882 3625 986 3694 quidem
999 3625 1091 3680 eadem
1104 3641 1163 3680 esse
1173 3627 1308 3689 subiect03

192 3694 295 3749 ratione
305 3700 394 3748 autem
403 3710 456 3748 non
465 3693 543 3747 idem.
590 3694 622 3747 ed
639 3694 784 3748 scourrdam
823 3693 878 3748 uod
893 3693 931 3747 od
947 3695 1061 3748 alterum
1079 3693 1185 3762 quidem
1196 3695 1311 3762 iustitia,

192 3762 339 3817 secundum
357 3761 428 3831 quod
437 3766 526 3816 autern
534 3761 596 3815 talis
605 3761 722 3824 habitus⁹
740 3709 1014 3830 simpdicitervirtusf·
1083 3763 1105 3795 ³³
1123 3762 1154 3814 L.
1168 3767 1206 3816 10.
1242 3780 1263 3817 r.
1274 3762 1309 3817 Ι).

191 3830 233 3885 De
250 3830 356 3884 Iustitia
374 3836 401 3884 et
421 3830 480 3883 iure
496 3830 533 3894 ,(Ι.
554 3834 586 3895 l.)
621 3829 745 3894 „Iustitia
767 3837 808 3883 est
832 3833 959 3885 constans
983 3837 1010 3885 et
1031 3835 1162 3899 perpetua
1185 3780 1310 3887 volimtas

191 3898 233 3952 ius
261 3915 338 3953 suum
364 3898 459 3966 cuique
485 3897 646 3952 tribuendi.“
721 3899 953 3952 41Αιθιεθοεθθεε
985 3899 1092 3968 Analyt.
1126 3897 1208 3964 prior.
1234 3899 1254 3952 I.
1283 3905 1306 3953 5.

191 3966 287 4021 Versio
305 3967 436 4020 Boarrrrr:
463 3965 593 4034 „Quando
617 3981 680 4020 vero
697 3965 766 4019 idem
784 3965 848 4020 huic
866 3967 938 4020 omni
956 3965 1075 4034 quidem,
1097 3965 1137 4019 illi
1161 3982 1223 4021 vero
1241 3967 1307 4022 nulli

191 4033 275 4098 inest,
299 4034 340 4088 vel
365 4034 456 4101 utique
483 4035 554 4088 omni
579 4034 621 4088 rel
652 4034 732 4095 nulli,
765 4033 885 4105 ficorum
916 4034 1023 4103 quidem
1054 4033 1206 4089 huiusmodi
1239 4051 1308 4091 voco

191 4100 342 4155 secundom.
368 4101 485 4155 Medium
502 4109 591 4156 autem
608 4103 636 4157 in
653 4101 705 4155 hac
722 4101 789 4165 dico,
809 4102 878 4170 quod
896 4102 929 4157 de
940 4109 1054 4171 utraque
1064 4102 1252 4171 praedicatur.

192 4169 303 4237 Quando
321 4173 410 4223 autem
428 4169 519 4224 similis
536 4170 637 4239 figurae
653 4169 755 4224 fuerint
770 4170 981 4239 propositioneS,
1002 4176 1031 4225 ut
1048 4172 1143 4225 ambae
1160 4171 1306 4240 privativae

190 4236 231 4291 vel
249 4235 432 4303 affirmativae,
450 4238 523 4292 nullo
541 4238 619 4294 modo
637 4238 688 4293 erit
705 4239 899 4309 syllogismus.“
