2940 5040
560 353 842 411 PROLEGOMENA.
1068 381 1073 387 ·
1221 356 1262 410 XI

248 532 354 603 Etiam
381 531 544 601 venientes
570 554 587 601 e
615 529 703 599 Zeita
731 540 866 620 notatos,
896 553 1034 625 quarum
1062 538 1172 600 lernen
1201 541 1262 601 ter·

149 662 222 732 tiam
259 661 325 731 lere
360 667 483 754 partem
512 653 573 755 (27
603 680 641 728 ex
669 653 733 754 91)
766 658 900 727 omnino
935 657 1090 752 neglexit,
1123 658 1156 728 in
1183 682 1262 729 usus

150 813 224 860 snos
252 796 463 875 convertens,
496 793 544 875 et,
577 785 662 879 quod
692 783 906 874 laudandum,
939 809 1050 855 earurn
1085 809 1146 880 ope
1177 785 1261 857 baud

150 939 220 986 raro
254 922 376 984 textum
412 911 597 1006 corrigenS,
624 912 723 1002 mire,
762 936 801 981 ne
831 911 934 982 dicam
971 910 1122 1003 ridicule,
1148 913 1266 983 erravit

151 1041 300 1114 Turrius.
343 1040 451 1123 Quum
471 1038 559 1108 enirn
588 1039 675 1109 illarn
704 1039 881 1109 lectionum
907 1039 1092 1109 varietatem
1120 1040 1154 1110 in
1181 1040 1264 1111 libro

151 1169 293 1240 Venetiis
311 1168 472 1262 impresso
493 1164 765 1260 deprehenderet,
792 1176 824 1236 et
842 1189 941 1260 quum
961 1166 1090 1237 aliunde
1117 1167 1215 1237 sciret
1230 1167 1263 1238 in

150 1295 342 1368 bibliothece
362 1292 523 1363 Marciana
549 1292 719 1387 antiquum
740 1291 944 1364 Monarchiae
971 1293 1135 1388 exemplar
1162 1317 1261 1366 manu

148 1432 313 1494 exaratum
333 1420 463 1509 servari,
484 1420 554 1490 sine
574 1418 637 1490 ulle
656 1420 702 1489 rei
730 1419 943 1514 exquisitione
961 1443 1020 1514 pro
1039 1431 1126 1491 certo
1144 1421 1265 1514 babuit,

151 1552 237 1622 bunc
266 1548 410 1618 codicem
438 1546 579 1617 eundern
607 1571 678 1617 esse
707 1569 771 1640 quo
798 1545 885 1616 Zatta
913 1570 991 1617 usus
1018 1556 1102 1638 erat,
1138 1558 1171 1617 et
1196 1549 1268 1619 ideo

152 1678 271 1749 librum
306 1674 532 1746 Lucenseru
576 1673 695 1768 ubique
736 1673 816 1743 dixit
848 1664 1059 1745 Ven'eturn,
1119 1673 1269 1771 Excipitis

154 1805 260 1875 locurn
297 1801 368 1874 Lib.
395 1801 437 1871 lll
463 1825 532 1898 cap.
561 1799 582 1870 3
611 1800 667 1871 lin.
696 1801 762 1889 74,
796 1800 835 1870 ad
864 1824 960 1895 quern
988 1801 1190 1878 Felicianam
1226 1804 1270 1876 le·

152 1931 294 2002 ctionem
319 1929 407 2001 nullo
435 1927 556 1998 codicis
576 1927 709 1997 nomine
728 1924 851 2020 adjecto
870 1926 1036 2024 indicat.⁷l
1069 1931 1117 2002 Ne
1135 1933 1169 2003 iu
1188 1934 1271 2005 rele-

155 2058 265 2129 rendis
291 2055 435 2159 quidem,
454 2079 533 2149 quas
560 2054 684 2124 aZatta
712 2065 877 2125 mutuatus
904 2065 963 2145 est,
991 2057 1183 2130 lectionibus
1210 2061 1272 2133 luit

153 2185 343 2256 accuratior.
407 2182 505 2253 Recte
539 2182 626 2252 enirn
654 2181 798 2252 Venetus
832 2181 939 2252 editor
971 2181 1042 2254 Lib.
1070 2184 1083 2254 l
1125 2209 1192 2280 cap.
1227 2188 1271 2259 lt

154 2395 357 2406 ———

155 2562 229 2601 cnm
250 2549 282 2599 et
298 2543 442 2598 hnmana
459 2546 561 2596 extra
578 2540 792 2595 voluntatem
807 2556 871 2594 non
886 2540 1093 2611 aliterqnam
1108 2559 1166 2612 per
1177 2545 1275 2614 signa
1332 2592 1334 2600 ,

154 2643 347 2705 cernatur⁴⁴3
380 2635 592 2690 voluntatem
618 2633 688 2688 enim
712 2632 814 2687 babent
832 2633 1032 2690 Ambrosianus
1056 2640 1084 2692 et
1107 2637 1274 2704 Felinianns;

158 2733 280 2787 Venetae
305 2744 372 2783 vero
396 2727 530 2783 editiones
552 2727 728 2782 volentem.
770 2725 866 2794 Neque
894 2728 1048 2783 accuratius
1071 2729 1098 2783 in
1121 2725 1177 2786 line
1195 2737 1276 2789 notae

156 2826 237 2882 lectio
247 2828 340 2879 textus
349 2821 485 2876 Pal-Vnt.
494 2821 612 2876 refertur
628 2819 672 2873 bic
681 2819 787 2874 verbis:
798 2820 971 2886 „Lectionem
991 2828 1179 2892 quaeretur
1195 2842 1277 2894 prae·

157 2920 218 2975 buit
241 2916 323 2972 nobis
340 2914 406 2969 eod.
425 2915 518 2975 Vet.“‚
542 2929 625 2983 quum
650 2927 679 2967 re
697 2928 763 2967 vera
785 2913 812 2967 in
831 2913 883 2968 hoc
906 2916 1001 2975 codice
1019 2920 1126 2990 integer
1143 2923 1222 2977 iocus
1239 2923 1278 2978 ita

158 3014 280 3082 legetur:
308 3024 380 3063 cum
407 3007 506 3062 etiam
531 3007 678 3061 humens
705 2990 858 3059 exempla
880 2990 1056 3045 volentem
1083 3007 1148 3044 non
1173 2991 1278 3046 aliter

156 3120 251 3175 qnam
269 3118 329 3171 per
354 3101 455 3170 signa
483 3106 650 3169 queratur.
676 3128 708 3137 -
727 3089 843 3150 libili
866 3085 930 3152 cop.
949 3091 964 3140 2
988 3085 1033 3139 lin.
1054 3088 1084 3138 10
1107 3084 1177 3139 inter
1194 3085 1279 3142 verba

159 3200 265 3253 Denm
283 3211 349 3249 non
368 3194 460 3247 nolle
479 3198 507 3248 et
524 3192 617 3261 qnod
635 3197 786 3245 naturae
804 3181 993 3240 intentioni
1011 3182 1186 3248 repugnat
1200 3179 1279 3234 Vati-

158 3306 256 3345 canum
275 3288 339 3355 „id“
357 3287 458 3341 addere
476 3287 513 3339 ait
524 3285 644 3351 Tunius,
663 3283 846 3353 quodquam
865 3277 1018 3332 Kochlerns
1036 3272 1102 3326 nibil
1120 3271 1279 3343 hujusmodi

158 3381 346 3445 adnotaverit,
367 3395 401 3433 an
424 3394 519 3434 verum
546 3379 594 3441 sit,
619 3378 725 3432 dubito.
750 3407 781 3415 —
807 3373 883 3438 Quae
906 3371 941 3424 de
964 3366 1161 3422 incohibili
1187 3372 1280 3436 cap.3

160 3477 206 3531 lin.
216 3481 250 3530 14
267 3473 384 3528 dicenda
401 3478 472 3539 sunt
487 3474 569 3540 paulo
586 3471 657 3526 infra
674 3471 702 3524 in
719 3474 796 3524 textu
813 3461 1076 3528 videbis-Neque
1085 3461 1159 3515 omni
1168 3475 1280 3515 numero

159 3574 288 3624 accurate
314 3567 459 3621 lectionem
478 3566 539 3620 cod.
558 3564 733 3619 Patet-Vnt.
751 3560 811 3615 Lib.
828 3557 869 3612 111
887 3571 944 3623 cap.
968 3560 995 3608 16
1025 3553 1069 3606 lin.
1090 3558 1118 3606 11
1139 3558 1167 3607 et
1184 3553 1230 3608 lin.
1248 3557 1278 3607 11

161 3662 245 3718 relert
262 3660 384 3726 Tunius,
394 3659 486 3714 dicens
499 3664 615 3726 utroque
634 3659 695 3711 loco
713 3670 809 3709 vocem
827 3642 1157 3714 incorruptibilium
1176 3646 1281 3713 deesse,

160 3770 246 3824 quum
263 3760 319 3808 tam
336 3753 381 3807 hic
399 3768 480 3824 qnam
498 3753 552 3805 illio
570 3751 650 3805 etiem
670 3754 735 3814 „et“
754 3745 930 3801 desideratur.
950 3771 983 3781 -
1002 3739 1077 3793 Idem
1097 3739 1168 3793 circa
1185 3740 1231 3793 lin.
1250 3744 1281 3795 81

162 3848 286 3919 ejusdem
313 3845 409 3922 capitis
427 3846 513 3901 verba
543 3845 581 3899 ita
600 3848 746 3910 concepta:
775 3838 909 3903 unitus,
931 3837 965 3888 in
989 3833 1207 3900 multiplices
1230 3833 1283 3888 al-

166 3956 249 3996 veos
272 3940 406 4005 inlinit,
432 3939 576 3992 dicendum
596 3943 651 4002 est,
674 3935 720 3990 ubi
739 3932 852 3987 Turrius
870 3929 1027 3998 simpliciter
1043 3930 1134 3991 notat,
1161 3925 1282 3981 codicem

165 4034 253 4089 Vatic.
270 4033 342 4088 inter
358 4031 579 4100 multiplices
597 4035 624 4083 et
646 4029 767 4083 alveos
785 4026 886 4080 addere
907 4021 1011 4086 alios,
1038 4035 1120 4087 quum
1139 4034 1205 4073 vera
1222 4020 1283 4091 ejus

166 4127 232 4182 iibri
249 4127 330 4180 lectio
348 4125 383 4178 sit
400 4124 520 4178 unitur
537 4124 570 4176 in
589 4119 921 4188 multiplicationes
938 4115 1026 4169 alios
1044 4113 1173 4166 alveos.

255 4245 274 4310 ²)
293 4243 364 4297 Vide
381 4248 471 4296 tamen
491 4241 630 4295 Addendc
647 4256 674 4308 p.
697 4243 750 4293 180.
