2940 5040
459 343 598 405 DANTIS
616 350 836 406 MONARCHIA
853 351 886 406 ΙΙ.
906 368 929 406 c.
948 356 970 406 3.

608 527 729 602 [annun
751 526 810 600 nn]

234 674 317 742 Dico
339 674 437 757 igitur
458 674 501 739 ad
523 676 757 757 quaestionem,
781 673 867 757 quod
888 676 1049 741 Romanus
1071 677 1209 760 populus
1232 676 1272 744 de

149 778 234 864 jure,
265 797 328 843 non
350 776 547 860 usurpando,
571 774 763 842 Monarohae
799 775 950 860 offioium,
986 777 1072 857 quod
1098 778 1272 863 Imperium

153 879 281 962 dieitur,
311 878 373 944 sibi
400 898 497 962 super
524 878 675 943 mortales
698 897 807 943 omnes
835 876 980 944 adscivit.
1025 877 1119 958 Quod
1142 879 1272 960 quidem

150 981 251 1067 primo
282 979 328 1045 sio
356 979 522 1066 probatur:
550 979 759 1046 Nobilissimo
787 979 906 1063 populo
934 980 1095 1062 convenit,
1126 981 1272 1047 omnibus

151 1081 222 1147 aliis
244 1080 412 1167 praeferri:
435 1081 596 1147 Romanus
611 1080 748 1166 populus
769 1078 828 1144 suit
844 1080 1074 1165 nobilissimus;
1100 1100 1175 1162 orgo
1199 1103 1271 1148 oon·
1290 1105 1304 1153 5

150 1185 238 1252 venit
262 1183 308 1267 ei,
337 1182 410 1249 aliis
433 1181 579 1248 omnibus
607 1179 768 1266 praeferri.
814 1179 993 1265 Adsumpta
1014 1182 1135 1248 ratione
1157 1183 1286 1266 proba-'

150 1293 214 1352 tur:
237 1306 312 1350 nam
336 1303 432 1367 quum
454 1285 555 1349 honor
576 1283 617 1348 sit
639 1282 815 1366 praemium
838 1282 979 1365 virtutis,
1003 1289 1034 1348 et
1057 1283 1159 1350 omnis
1181 1305 1272 1369 prae·

151 1388 229 1454 latio
253 1387 294 1452 sit
316 1387 432 1470 honor,
456 1384 557 1451 omnis
579 1383 736 1467 praelatio
759 1384 885 1449 virtutis
907 1390 956 1450 ost
978 1385 1162 1470 praemium.
1208 1385 1274 1452 Sed

153 1493 292 1572 oonstat,
322 1487 408 1570 quod
436 1486 548 1552 morito
577 1485 704 1550 virtutis
732 1485 939 1551 nobilitantur
961 1485 1117 1553 homines:
1147 1487 1273 1553 virtutis

151 1590 304 1657 videlieet
325 1589 488 1673 propriae,
512 1587 566 1654 vel
587 1585 752 1669 majorum.
797 1587 854 1652 Est
876 1589 960 1654 enim
982 1587 1148 1671 nobilitas,
1171 1588 1273 1654 virtus
1293 1614 1323 1662 10

151 1700 182 1761 et
204 1691 339 1758 divitiae
368 1690 533 1773 antiquae,
559 1688 655 1773 juxta
683 1688 976 1774 Philosophum
1003 1689 1037 1753 in
1058 1689 1218 1775 Politiois,
1243 1696 1275 1757 et

147 1795 244 1879 juxta
265 1791 520 1858 Juvenalem:

339 1889 490 1958 „Nobilitas
508 1889 590 1943 animi
607 1890 666 1944 sola
684 1897 724 1944 est
742 1895 824 1959 atque
842 1890 922 1945 unica
940 1888 1051 1942 virtus.“

152 1982 242 2061 Quae
274 1979 356 2046 duae
388 1976 564 2046 sententiae
596 1976 639 2041 ad
673 1977 770 2041 duas
803 1977 986 2043 nobilitates
1019 1976 1149 2042 dantur:
1181 1999 1273 2062 pro-

151 2082 281 2168 priam
303 2079 439 2161 soilioet‚
463 2085 494 2144 et
516 2078 720 2162 majorum.
1295 2107 1324 2157 15

237 2182 322 2263 Ergo
344 2181 520 2263 nobilibus,
550 2180 672 2247 ratione
703 2183 833 2262 causae,
863 2178 1039 2264 praemium
1065 2180 1273 2264 praelationis

153 2283 344 2353 conveniens
367 2287 423 2347 est.
468 2280 509 2345 Et
532 2301 629 2362 quum
650 2281 794 2366 praemia
822 2280 885 2346 sint
907 2281 1027 2346 meritis
1049 2281 1272 2365 mensuranda,

220 2452 294 2506 nium
305 2493 310 2504 .
322 2490 345 2503 ..
362 2463 412 2517 per
429 2448 505 2516 signa
529 2447 689 2512 exteriora‚‘¹
770 2450 791 2482 ¹⁰
809 2448 840 2501 F.
859 2449 968 2501 virtutis
983 2448 1087 2503 scilicet
1098 2451 1236 2519 propriae

220 2537 259 2590 ita
296 2534 415 2602 corrupit
443 2532 568 2587 Turrino:
606 2549 689 2603 qaam
808 2532 841 2585 H.
859 2533 898 2586 M.
917 2534 1030 2586 virtutes
1046 2541 1072 2586 et
1090 2532 1163 2586 divit.

221 2623 248 2675 ιι
272 2620 391 2674 hamana
421 2626 503 2672 extra
529 2623 688 2687 quaeratur,
770 2618 790 2650 ¹³
808 2619 908 2682 anirm‘,
930 2617 1015 2686 quod,
1041 2633 1124 2686 quum
1147 2633 1201 2671 non
1225 2617 1275 2670 ha-

221 2721 276 2759 aaa
302 2703 384 2758 aliter
411 2720 491 2773 qaam
519 2719 574 2774 per
599 2704 687 2773 sipara,
807 2703 902 2755 beatur
929 2701 1001 2770 apud
1032 2701 1205 2767 Juvenalem,
1232 2716 1276 2756 ex-

221 2790 348 2865 oolaatas
806 2793 962 2855 punxerunt
982 2786 1107 2852 editores,
1126 2802 1219 2841 versus
1230 2803 1276 2840 ex·

156 2876 219 2945 (lap.
237 2874 285 2927 III.
325 2872 381 2924 Ἰ.
402 2871 469 2926 Dico
488 2888 554 2942 erpo
808 2871 898 2940 plendi
932 2872 1020 2939 gratia
1055 2870 1163 2927 codices
1194 2885 1275 2925 manu

197 2962 209 2993 ¹
225 2959 259 3013 Η.
277 2974 332 3011 aon
350 2956 404 3010 sior·
419 2973 513 3027 usurp.
808 2957 912 3012 exarati
929 2957 1053 3010 inserunt
1074 2956 1193 3010 unanimi
1211 2972 1275 3010 oon·

238 3044 278 3097 M.
295 3043 326 3096 P.
345 3040 524 3095 Monarchiaa
542 3040 618 3111 offic.
808 3057 890 3096 sensu

198 3129 269 3183 ³lta
287 3125 502 3182 omnes-Eud.
517 3141 689 3179 omnesraor·
824 3126 857 3180 F.
876 3127 904 3179 Ρ.
923 3131 963 3180 ast
981 3131 1007 3180 at
1023 3127 1105 3179 urtica

222 3214 290 3267 tales
770 3211 791 3242 ¹¹
809 3211 839 3265 P.
858 3211 933 3276 Quae
950 3212 1073 3264 diuersae
1087 3215 1156 3264 seat.

238 3300 271 3352 A.
291 3313 383 3352 omnes
400 3297 514 3350 assaror't
771 3295 800 3360 ¹¹,
816 3297 837 3329 ¹¹
854 3297 886 3348 A.
897 3296 928 3349 F.
939 3295 1064 3350 P.-M.
1077 3300 1198 3366 primam
1216 3295 1275 3350 scil.

197 3386 217 3447 ¹,
235 3387 246 3418 ¹¹
263 3384 294 3437 F.
314 3382 437 3437 omnibus
450 3381 596 3451 praeferri
809 3411 843 3418 -
861 3380 969 3449 Reliqui
986 3380 1024 3434 ad
1035 3380 1182 3451 propriam
1198 3379 1258 3434 soil.

198 3469 259 3523 ¹¹A.
278 3468 316 3522 M.
337 3467 370 3522 V.
390 3466 513 3521 omnihus
530 3465 593 3519 allis
610 3493 643 3502 -
661 3463 689 3517 F.
771 3465 791 3497 ¹¹
808 3464 851 3517 Ita
869 3480 961 3519 omnes
979 3468 1087 3534 praeter
1095 3465 1127 3518 L.
1141 3464 1187 3534 qui
1203 3468 1276 3531 (oum

223 3553 304 3608 etiam
321 3551 365 3606 hic
383 3551 482 3605 omittit
499 3550 563 3604 aliis
810 3548 899 3616 editis)
917 3549 1001 3604 habet
1018 3551 1120 3603 maritis
1139 3551 1193 3603 siat

198 3638 259 3692 ¹V
276 3638 431 3708 praemium
450 3635 571 3689 veritatis

223 3774 296 3843 Cap.
314 3772 374 3828 ΠΙ.
412 3773 431 3804 ¹¹
452 3770 527 3838 Quae
544 3785 577 3823 ex
595 3769 773 3823 Αιιιιιοιιιιι
790 3769 873 3824 refert
892 3767 1005 3835 Dentes,
1024 3768 1076 3823 etsi
1093 3785 1149 3823 non
1165 3767 1276 3823 totidem

156 3843 253 3909 verbis,
264 3789 431 3895 habentur'
423 3838 537 3892 mPolit.
550 3837 599 3891 ΠΙ
614 3837 958 3902 12‚13‚etinRhet.or11.
971 3842 1010 3890 15.
1083 3839 1106 3870 ¹¹
1122 3836 1277 3891 Ιιιιιιιιιιιι

157 3885 393 3966 Selinuntio.
473 3906 573 3960 ΜΙΙοιι
597 3905 664 3959 duas
686 3906 854 3972 nobilitates,
879 3905 985 3970 uthic,
1010 3905 1275 3984 sednunamsolum-

156 3979 247 4045 modo,
265 3976 382 4048 propriis
400 3974 501 4030 meritis
520 3974 680 4042 quaesitam,
699 3975 795 4028 statuit
811 3973 974 4028 Aucnonm
992 3973 1129 4028 cantione:
1148 3973 1187 4027 La
1206 3973 1280 4028 dolor'

157 4050 224 4103 rima
241 4047 346 4101 clamor
362 4043 430 4099 cleto
448 4043 530 4097 solia:

396 4127 467 4182 Ed
458 4143 471 4181 a
489 4133 564 4181 tanto
537 4126 685 4180 tdarata

394 4196 436 4250 la
454 4195 511 4249 cosi
527 4195 574 4265 sal
572 4211 603 4248 sa
622 4196 734 4265 opr'raoa
753 4200 796 4249 tra
813 4195 873 4258 nai,

396 4263 450 4319 aaa
467 4264 549 4318 taam
567 4262 673 4317 otiama
691 4262 766 4316 colai
