2940 5040
268 343 309 405 92
558 346 698 402 DANTIS
716 347 934 402 MONARUHIA
951 347 999 406 111.
1019 347 1048 404 O.
1067 352 1091 403 3.

267 520 370 586 lorum
391 520 531 604 ignorat,
559 540 622 585 non
649 525 755 586 tamen
784 517 824 584 de
845 518 901 586 illo
930 519 1068 603 litigium
1089 520 1180 605 facit,
1207 520 1385 608 Aegyptius

268 641 344 688 vero
375 619 564 706 Scytharum
592 621 793 704 civilitatem,
827 642 891 687 non
921 625 1052 707 propter
1081 623 1142 689 hoc
1176 621 1216 690 de
1247 623 1387 708 ipsorum

220 722 423 791 incivilitate
445 721 615 789 contendit.

352 825 457 910 Hujus
480 822 608 907 quidem
630 824 783 890 tertiae
806 824 1000 907 quaestionis
1015 825 1133 890 veritas
1151 830 1275 891 tantum
1291 826 1387 894 habet

196 925 200 933 '
266 929 419 1012 litigium,
459 932 494 991 ut
529 924 794 1007 quemadmodum
829 926 862 990 in
890 926 963 990 aliis
994 927 1172 1009 ignorantia
1199 927 1289 993 solet
1318 948 1387 996 esse

268 1050 364 1096 causa
392 1028 501 1111 litigii,
531 1028 578 1093 sio
606 1028 657 1092 hic
685 1027 822 1108 litigium
850 1048 946 1094 causa
974 1028 1172 1112 ignorantiae
1201 1029 1243 1093 sit
1275 1031 1386 1112 magis

266 1132 456 1199 Hominibus
484 1150 637 1213 namque,
672 1129 803 1195 rationis
830 1131 978 1195 intuitum
1006 1131 1170 1196 voluntate
1198 1133 1386 1216 praevolan-

219 1253 249 1302 15
267 1233 367 1318 tibus,
390 1233 452 1299 hoc
474 1252 600 1316 semper
622 1231 789 1312 contingit:
812 1238 847 1297 ut
868 1234 952 1299 male
973 1231 1090 1316 affecti,
1114 1233 1233 1298 lumine
1255 1234 1386 1301 rationis

265 1336 459 1420 postposito,
483 1333 599 1400 affectu
614 1333 705 1414 quasi
721 1334 808 1401 caeci
828 1333 1007 1418 trahantur,
1031 1341 1063 1401 et
1077 1333 1283 1419 pertinaciter
1297 1350 1387 1401 suam

267 1437 425 1519 denegent
458 1435 652 1502 caecitatem.
703 1434 797 1502 Unde
825 1435 861 1499 fit
888 1456 1059 1521 persaepe,
1089 1435 1175 1519 quod
1196 1455 1261 1502 non
1282 1438 1385 1503 solum

265 1539 390 1605 lalsitas
417 1536 641 1622 patrimonium
669 1538 803 1621 habeat,
833 1536 891 1605 sed
918 1544 953 1603 ut
974 1538 1133 1622 plerique,
1163 1536 1204 1604 de
1237 1538 1305 1603 suis
1327 1544 1384 1605 ter-

265 1640 359 1706 minis
389 1637 606 1722 egredientes,
639 1659 696 1721 per
724 1639 830 1704 aliena
859 1645 963 1704 castra
991 1640 1182 1722 discurrant,
1218 1640 1274 1705 ubi
1304 1641 1383 1706 nihil
1452 1653 1455 1660 '

215 1742 481 1823 inintelligentes
502 1741 579 1824 ipsi,
602 1741 681 1805 nihil
704 1741 936 1824 intelliguntur,
967 1747 999 1808 11
1026 1741 1072 1806 sic
1092 1745 1269 1824 provocant
1291 1760 1381 1824 quos-

266 1844 340 1910 dam
356 1842 502 1926 adirem,
527 1841 682 1923 quosdam
698 1841 740 1906 ad
756 1841 1022 1926 dedignationem,
1037 1843 1206 1908 nonnullos
1221 1841 1265 1906 ad
1276 1842 1381 1910 risum.

349 1947 449 2028 Igitur
480 1948 589 2010 contra
616 1944 798 2026 veritatem,
833 1963 916 2026 quae
939 1943 1113 2026 quaeritur,
1149 1943 1227 2007 tria
1257 1944 1382 2011 homi-

263 2071 351 2116 num
373 2066 521 2131 genera
542 2046 680 2113 maxime
702 2046 919 2112 colluctantur.

307 2236 317 2268 ⁸
334 2235 366 2287 F.
385 2233 418 2287 de
434 2249 465 2287 eo
484 2233 551 2303 litip.

306 2320 410 2384 9vero,
452 2316 524 2385 quod
564 2317 665 2369 habent
705 2331 797 2370 omnes

330 2409 436 2472 praeter
452 2402 495 2468 V.,
514 2402 641 2455 omittunt
657 2400 727 2454 Edd.

347 2488 386 2542 M.
405 2487 566 2542 celeritatem
584 2483 676 2555 Scyth.

347 2574 466 2643 ignorat,
483 2569 554 2638 quod
562 2575 624 2637 post
641 2569 795 2623 civilitatem

332 2673 392 2712 curn
416 2657 448 2710 V.
472 2654 597 2709 inserunt
624 2653 714 2718 editt,
741 2670 795 2708 non

329 2743 430 2797 habent
447 2739 550 2808 reliqui.
585 2739 638 2792 Pro
657 2755 712 2792 non
724 2756 795 2809 pro·

325 2834 391 2900 pter
408 2826 458 2881 boc
475 2825 514 2880 M.
531 2840 586 2878 non
604 2831 693 2877 tamen

362 2912 431 2966 Edd.
448 2911 563 2981 litigium
579 2909 652 2979 facit
660 2908 694 2962 cle
702 2925 795 2963 eornm

329 2996 464 3052 civilitate.
511 2994 584 3062 Quae
609 2993 743 3060 dedimus,
766 2994 795 3047 in

330 3080 452 3136 omnibus
475 3079 551 3135 libris
569 3094 650 3133 manu
675 3079 794 3134 exaratis

329 3167 468 3236 leguntur,
501 3169 688 3233 praeterquam
723 3163 795 3234 quod

327 3251 365 3304 M.
396 3250 475 3304 etiam
504 3248 548 3304 hic
582 3265 632 3317 pro
667 3250 795 3305 civilitate

329 3335 479 3390 substituat
496 3334 641 3389 celeritate.

288 3423 310 3455 ¹³
327 3423 367 3476 sia
385 3419 429 3474 dic
448 3419 563 3490 litigium
580 3434 629 3487 pro
649 3421 689 3473 sic
706 3425 734 3473 11
750 3418 795 3475 bic

328 3506 366 3560 111.
385 3504 541 3574 scripsimus
560 3520 621 3558 oum
639 3519 692 3557 uno
710 3503 748 3556 M.

288 3592 310 3625 ¹³
328 3591 501 3662 ignorantiae
518 3590 561 3643 sit.
589 3587 794 3660 1111111111ιὶ-

326 3674 405 3730 nibvs
439 3673 579 3728 ediderunt
604 3689 703 3728 omnes.
738 3674 791 3729 Pro

326 3760 438 3831 Magnis
471 3760 504 3812 A.
531 3758 562 3811 F.
589 3759 627 3812 M.
663 3758 791 3812 exhibent

326 3846 429 3916 mavis,
455 3844 551 3913 quibus
576 3843 680 3897 aceedit
698 3847 791 3896 aucto·

324 3929 606 3998 ritasFicini(qvisia
623 3929 793 3999 maggior-

325 4022 433 4070 mente
452 4014 479 4068 la
496 4013 542 4067 lite
560 4016 673 4084 capione
691 4014 793 4085 (11111-

324 4116 422 4154 ranza.
464 4097 623 4169 Impereclvi
649 4100 708 4171 apli
740 4115 792 4153 10-

324 4185 408 4249 mini).
453 4184 509 4239 Hos
537 4184 643 4252 sequuti
666 4188 791 4254 transpo-

326 4270 427 4325 suimus
441 4269 665 4338 interpunctionis
679 4269 790 4337 signum.

878 2231 899 2263 ¹⁴
916 2231 949 2284 A.
973 2231 1005 2283 F.
1030 2230 1060 2284 P.
1088 2229 1272 2298 editionesque
1294 2229 1383 2284 Frati·

918 2316 987 2370 cellii
1009 2314 1141 2370 secundas
1168 2330 1248 2370 curas
1271 2331 1382 2384 praece·

916 2401 1008 2456 dentes
1018 2401 1117 2454 intuitu
1128 2400 1293 2454 volantatem
1300 2419 1382 2473 prce·

915 2486 1013 2540 volant.
1034 2515 1063 2524 -
1082 2484 1120 2539 M.
1139 2486 1265 2539 1111111111
1289 2488 1382 2541 11111-

915 2576 994 2643 tatem
1012 2570 1190 2640 praevolarat
1217 2599 1250 2610 -
1274 2570 1381 2640 Reliqui

916 2654 1056 2709 nobiseum
1072 2653 1184 2708 faciunt.

875 2741 896 2772 ¹⁵
912 2739 981 2793 Edd.
1014 2755 1075 2794 curn
1098 2738 1132 2792 A.
1157 2739 1195 2792 M.
1222 2737 1275 2794 boc
1300 2755 1383 2813 saepe

914 2825 1047 2895 contingit
1063 2855 1097 2862 —
1112 2823 1262 2879 Nobiscum
1278 2825 1381 2880 faciunt

915 2909 946 2962 F.
957 2908 989 2961 H.
1000 2909 1032 2962 L.
1042 2907 1072 2960 P.
1085 2907 1118 2962 V.
1137 2913 1164 2962 et
1180 2908 1268 2963 versio
1279 2908 1380 2975 Ficini3

914 2992 1000 3048 Felin.
1018 2998 1109 3046 tamen
1123 2991 1197 3046 addit
1213 2991 1299 3048 aliar:
1318 3010 1381 3050 con-

913 3079 985 3132 venit

875 3163 896 3195 ¹⁶
913 3163 948 3216 V.
965 3168 991 3216 ct
1003 3163 1174 3233 pertinacem
1190 3178 1268 3216 snam

874 3247 896 3280 ¹⁸
912 3247 944 3301 L.
963 3264 1017 3302 101
1034 3246 1121 3301 solnm
1137 3246 1260 3316 felicitas

930 3331 968 3386 M.
981 3329 1284 3403 patrociniamlvcbect,
1299 3347 1378 3401 quam

913 3416 1054 3470 lectionem
1068 3416 1194 3485 princeps
1212 3415 1294 3470 etiam
1306 3416 1378 3486 Opo-

912 3501 964 3555 rini
981 3501 1062 3556 editio
1081 3500 1160 3555 affert
1180 3501 1209 3555 in
1226 3501 1355 3570 margine.

928 3586 998 3639 Edd.
1010 3586 1059 3641 sed
1070 3585 1206 3657 plerique,
1223 3589 1255 3638 nt
1271 3585 1306 3640 ile
1322 3588 1378 3641 1111

871 3671 893 3705 ¹⁰
909 3670 943 3723 V.
962 3670 995 3724 de
1011 3673 1068 3725 svis
1086 3672 1166 3726 terris
1183 3669 1274 3740 careal.

910 3757 943 3810 A.
962 3756 994 3809 F.
1012 3761 1043 3809 vt
1059 3753 1129 3809 nibil
1145 3753 1325 3826 intelligentes

871 3841 895 3873 ²⁰
912 3840 944 3894 F.
963 3840 992 3894 P.
1007 3839 1039 3893 V.
1059 3841 1120 3912 r’psi,
1137 3837 1207 3893 11111
1222 3838 1378 3912 intelligant

870 3922 1185 3980 21Η.1111111111111

928 4011 962 4064 A.
980 4011 1011 4063 F.
1035 4016 1062 4065 et
1079 4009 1138 4065 edd.
1163 4007 1378 4080 indignationem

927 4094 961 4148 Η.
980 4095 1125 4149 nonnullos
1147 4110 1210 4148 vero
1234 4094 1274 4148 cd
1291 4096 1378 4150 risum

870 4182 894 4214 2²
911 4182 942 4235 F.
962 4182 1115 4246 veritatem,
1133 4195 1204 4250 qnae
1221 4179 1324 4235 elicitur
