2940 5040
273 306 315 367 46
360 271 374 292 ’
580 307 714 363 nauus
731 307 952 364 rosnacum
969 308 1004 362 11.
1024 324 1048 363 c.
1067 313 1090 363 a.

231 498 234 504 ’
274 479 323 547 nis
345 479 430 564 regis
452 480 605 564 Atlantis,
637 487 671 546 ut
693 480 734 548 de
750 482 905 548 ambobus
927 480 1143 548 testimonium
1164 481 1272 548 reddit
1293 485 1393 550 Poeta

274 588 382 649 noster
403 582 435 647 in
458 587 587 666 octavo,
610 583 665 648 ubi
687 584 812 651 Aeneas
835 582 878 648 ad
899 582 1083 648 Evandrum
1106 585 1152 650 sic
1174 584 1234 650 ait:

222 739 254 790 55
376 754 378 757 ¹
460 733 603 787 Dardanus
621 733 720 787 Iliacae
738 735 839 802 primus
857 740 936 802 pater
952 733 1040 799 urbis,
1060 741 1086 787 et
1103 739 1213 802 auctor,

458 819 581 885 Electra,
601 824 631 872 ut
648 818 724 872 Graii
739 819 895 888 perhibent,
914 825 941 873 et
958 819 1096 873 Atlantide
1115 826 1217 886 cretus,

458 904 608 959 Adrehitur
627 905 761 970 Teucr0s3
779 905 917 959 Electram
934 905 1067 959 maximus
1084 905 1163 960 Atlas

457 988 564 1054 Edidit,
583 990 723 1044 aethereos
740 990 851 1044 humero
870 989 916 1060 qui
933 991 1048 1045 sustinet
1065 992 1153 1046 orbes.

357 1126 450 1207 Quod
483 1133 589 1194 autem
621 1128 791 1194 Dardanus
825 1130 866 1194 ab
901 1128 1031 1213 Europa
1069 1127 1223 1211 originem
1256 1125 1390 1212 duxerit,

221 1231 254 1282 ⁶0
272 1233 380 1296 noster
401 1228 500 1294 Vates
521 1229 555 1293 in
576 1229 671 1295 tertio
694 1235 816 1314 cantat,
839 1229 963 1295 dicens:

458 1378 510 1432 Est
527 1378 616 1443 locus,
633 1378 793 1448 Hesperiam
812 1378 888 1433 Graii
907 1380 1065 1448 cognomine
1083 1379 1188 1444 (ficunt,

459 1462 543 1516 Terra
560 1463 684 1530 antiqua,
703 1470 799 1532 potens
816 1465 909 1529 armis,
928 1471 1009 1532 atque
1026 1465 1110 1518 ubere
1126 1463 1229 1532 glebae.

460 1546 581 1602 Oenotrii
599 1547 705 1602 coluere
722 1549 785 1613 viri;
804 1563 877 1603 nune
894 1548 978 1612 fama,
997 1548 1113 1603 minores

456 1631 562 1686 Italiam
580 1631 691 1697 dixisse,
710 1632 785 1687 ducis
803 1633 972 1699 denomino,
990 1640 1105 1702 gentem.

220 1724 251 1774 65
458 1717 518 1772 Η66
536 1717 615 1771 nobis
632 1717 760 1786 propriae
778 1718 867 1782 sedas3
886 1718 949 1773 hinc
967 1718 1112 1772 Dardanus
1130 1724 1215 1774 ortus.

271 1853 364 1936 Quod
385 1876 461 1922 vero
484 1857 577 1922 Atlas
599 1855 640 1923 de
662 1857 769 1922 Airica
790 1856 899 1940 fuerit,
922 1877 1012 1924 mons
1035 1857 1067 1923 in
1089 1858 1160 1940 illa,
1184 1876 1242 1923 suo
1263 1858 1391 1925 nomine

271 1957 389 2040 dictus,
419 1964 469 2023 est
497 1959 603 2041 testis,
634 1977 728 2040 quem
757 1977 827 2025 esse
856 1958 889 2022 in
910 1958 1019 2024 Africa
1041 1956 1119 2026 dicit
1141 1959 1329 2042 Orosius,
1357 1960 1390 2025 in

270 2079 328 2125 sua
349 2058 458 2124 mundi
482 2059 709 2144 descriptione,
738 2060 798 2126 sic:
827 2060 986 2143 „Ultimus
1014 2065 1121 2127 autem
1148 2059 1221 2126 finis
1247 2061 1320 2145 ejus
1343 2067 1390 2129 ast

269 2181 359 2229 mons
389 2162 497 2245 Atlas,
527 2168 559 2226 et
586 2162 715 2229 Insulae
744 2180 823 2244 quas
845 2162 1037 2228 Fortunatas
1066 2161 1210 2229 vocant.“
1255 2162 1386 2247 „Ejus,“

219 2272 251 2322 70
268 2262 304 2328 id
326 2268 375 2349 est
396 2262 538 2355 Africae,
562 2263 637 2344 quia
659 2260 700 2328 de
721 2261 792 2346 ipsa
814 2263 1011 2346 loquebatur.

355 2363 508 2430 Similiter
536 2366 634 2431 etiam
663 2364 855 2448 conjugio
888 2366 1090 2431 nobilitatum
1125 2365 1224 2432 firisse
1251 2365 1386 2448 reperio.

267 2467 401 2534 Prima
422 2489 559 2551 namque
582 2464 699 2549 conjux
718 2465 853 2551 Creusa,
875 2467 995 2534 Priami
1016 2467 1101 2550 regis
1122 2466 1204 2550 filia,
1228 2466 1269 2535 de
1291 2467 1389 2534 Asia

267 2570 342 2654 fuit,
365 2574 401 2634 ut
422 2569 567 2652 superius
595 2570 708 2634 haberi
734 2574 840 2652 potest
868 2589 925 2655 per
948 2591 987 2636 ea
1010 2589 1092 2651 quae
1115 2568 1201 2635 dicta
1222 2574 1304 2635 sunt.
1346 2568 1388 2634 Et

268 2670 355 2754 quod
382 2671 477 2738 fuerit
507 2671 638 2755 conjurr,
674 2670 888 2737 testimonium
916 2673 1063 2756 perhibet
1090 2677 1198 2737 noster
1225 2669 1387 2761 11661611

217 2774 378 2857 astartis,
401 2773 457 2839 ubi
478 2771 699 2839 Andromache
728 2772 768 2840 de
789 2774 927 2839 Ascanio
954 2772 1021 2840 filio
1047 2774 1190 2839 Aeneam
1211 2771 1386 2854 genitorem

265 2876 440 2957 interrogat
462 2875 523 2941 sie:

452 3008 521 3077 Quid
539 3024 607 3077 puer
623 3007 778 3061 Ascanius?
796 3012 956 3076 superatne,
975 3012 1001 3061 61
1018 3007 1134 3061 16661111
1151 3022 1235 3072 aura,

453 3093 536 3162 Quem
554 3091 604 3146 tibi
619 3092 675 3161 jam
694 3092 778 3161 Troja
795 3091 899 3161 peperit
916 3092 1036 3146 fumante
1055 3090 1175 3147 Creusa?

293 3299 315 3331 11
332 3298 363 3351 A.
383 3300 411 3350 et
427 3296 460 3350 V.
478 3295 554 3350 urbis
571 3300 597 3348 et
614 3300 690 3350 octor
877 3296 900 3329 11
916 3295 949 3349 L.
974 3294 1086 3352 Ultimus
1103 3294 1258 3367 amphionis

292 3383 314 3417 ⁷⁷
332 3380 462 3437 Ultimum
487 3384 513 3435 61
540 3381 715 3449 penultimum
738 3397 798 3435 rer·
876 3381 900 3414 ⁷⁰
917 3381 948 3434 F.
967 3380 1047 3452 Ejus,
1065 3381 1168 3436 scilicet
1184 3380 1302 3450 ,4111666

258 3461 261 3467 ’
333 3483 400 3531 sum,
419 3482 485 3535 quos
502 3464 629 3519 exhibent
646 3465 709 3520 libri
725 3471 798 3520 vete·
877 3467 900 3500 ⁷¹
918 3466 951 3518 A.
970 3466 1071 3520 omittit
1087 3467 1185 3529 ctiam;
1202 3464 1272 3519 Edd.
1290 3469 1319 3518 61

332 3566 390 3617 res,
408 3551 468 3607 edd.
488 3551 622 3604 omittunt.
877 3551 901 3583 ⁷⁷
918 3551 949 3604 F.
967 3567 1042 3605 uxor
1060 3550 1162 3606 Creusa

292 3638 315 3670 ⁷¹
332 3637 366 3691 H.
385 3653 510 3708 coquom.
527 3635 616 3690 dictus
877 3636 899 3668 ⁷⁷
917 3638 950 3688 A.
970 3634 1055 3690 Poeta
1072 3634 1164 3690 diceas
1181 3637 1210 3690 ia
1227 3636 1309 3690 tertio

292 3722 315 3756 11
332 3722 363 3775 F.
382 3738 432 3776 6666
447 3722 526 3792 fama
876 3721 899 3753 ⁷⁷
916 3720 945 3774 P.
964 3737 1001 3774 aa
1019 3721 1135 3774 vescitur
1154 3751 1183 3760 -
1202 3720 1233 3773 F.
1251 3721 1384 3774 6661611161

292 3808 315 3842 11
332 3807 363 3861 L.
383 3806 414 3860 P.
434 3806 468 3862 V.
485 3805 564 3860 Haec
581 3803 655 3859 vobis
877 3805 899 3839 ⁷⁸
917 3805 1046 3860 Ultimum
1054 3804 1261 3870 hemistichium,
1274 3802 1384 3859 Maroni

291 3894 315 3926 11
330 3892 367 3946 Μ.
387 3892 419 3946 L.
438 3889 518 3957 Quod
534 3897 623 3944 autem
917 3889 1044 3957 ignotum,
1063 3890 1164 3944 habent
1181 3903 1282 3944 omnes.
1297 3919 1331 3931 -
1347 3889 1380 3943 L.

349 3976 379 4030 E.
399 3975 432 4030 de
448 3975 547 4046 Africa
563 3974 621 4044 fuit
917 3974 954 4028 M.
968 3975 1080 4046 peperit
1097 3973 1182 4045 Troja
1295 4024 1301 4045 ,

331 4161 603 4216 ⁵⁷V1as1n.heneis
627 4159 699 4215 VIII.
726 4165 782 4216 134.
888 4163 911 4197 11
928 4161 995 4217 Ibid.
1014 4160 1062 4214 111.
1082 4164 1138 4214 163.
1242 4160 1264 4193 11
1283 4159 1383 4215 ansrr

262 4228 398 4285 Historiae
414 4229 460 4283 lib.
479 4229 499 4282 Ι.
520 4245 578 4298 cap.
600 4233 624 4282 2.
641 4229 677 4282 in.
766 4229 917 4286 ⁷⁴V1asrn.
936 4229 1035 4284 Aeneis
1052 4227 1099 4283 III.
1120 4231 1179 4284 339.
