2940 5040
412 335 547 390 DANTIS
565 334 785 391 uerrucula
801 334 836 389 II.
854 333 884 390 C.
905 340 944 388 tl.
963 339 1025 400 (10.)
1237 328 1276 392 77

152 509 394 592 germinassent,
417 509 578 574 Romanus
600 506 751 575 videlicet
772 508 919 592 populus,
942 515 974 574 et
995 508 1149 593 Albanus,
1179 517 1276 593 atque

154 610 194 678 de
225 610 317 691 signo
348 610 491 695 aquilae,
515 611 619 693 deque
641 610 812 696 penatibus
843 609 905 674 diis
926 608 1151 696 Trojanorum,
1180 619 1276 694 atque

153 713 312 797 dignitate
344 712 544 798 principandi
577 714 672 796 longo
706 718 848 797 tempore
881 712 963 777 inter
997 732 1032 778 se
1065 712 1277 799 disceptatum

153 820 256 899 esset;
286 816 329 880 ad
352 815 512 899 ultimum,
544 814 584 881 de
614 814 770 882 communi
799 813 937 879 adsensu
965 814 1117 898 partium,
1147 823 1279 901 propter

152 915 338 983 instantiam
362 916 628 999 cognoscendam,
658 936 716 1000 per
744 922 809 981 tres
838 916 1031 982 Horatios
1059 917 1173 985 fratres
1194 919 1276 1003 hinc,
1296 923 1328 976 20

154 1023 185 1082 et
207 1037 266 1101 per
287 1017 422 1085 totidem
444 1017 653 1084 Curiatios
675 1017 789 1084 fratres
811 1016 895 1101 inde,
918 1017 951 1081 in
974 1025 1145 1104 conspectu
1166 1039 1278 1103 regum

154 1125 186 1185 et
215 1121 406 1205 populorum
434 1120 622 1186 altrinsecus
651 1118 889 1204 expectantium
911 1119 1109 1188 decertatum
1131 1129 1194 1206 est3
1222 1122 1278 1189 ubi

154 1221 256 1286 tribus
285 1223 447 1307 pugilibus
475 1222 672 1288 Albanorum
699 1221 867 1306 peremtis,
900 1223 1114 1290 Romanorum
1143 1223 1277 1309 duobus,

153 1324 264 1406 palma
293 1323 445 1390 victoriae
474 1324 532 1389 sub
562 1322 700 1388 Hostilio
728 1340 803 1404 rege
830 1324 926 1390 cessit
947 1325 1108 1393 Romanis.
1153 1325 1195 1390 ut
1216 1326 1277 1394 hoc

154 1423 325 1509 diligenter
353 1424 493 1492 Livius
523 1425 556 1489 in
584 1424 687 1508 prima
715 1429 806 1508 parte
837 1425 991 1510 contenit,
1025 1427 1075 1493 cui
1108 1425 1276 1494 Orosius
1294 1429 1327 1483 25

154 1525 252 1591 etiam
274 1531 477 1594 contestatur.

239 1626 365 1695 Deinde
387 1647 458 1692 eum
472 1626 623 1712 finitimis,
647 1627 732 1694 omni
750 1628 822 1711 jure
843 1629 920 1694 belli
935 1633 1071 1714 servato,
1096 1648 1166 1695 cum
1184 1629 1275 1696 Sabi-

152 1729 212 1812 nis,
236 1749 307 1794 cum
331 1728 537 1813 Samnitibus,
560 1729 635 1795 licet
656 1728 689 1792 in
711 1730 914 1798 multitudine
937 1730 1193 1817 disceptantium,
1217 1734 1275 1798 sub

154 1831 258 1897 t'orma
286 1837 394 1896 tamen
415 1829 532 1915 duelli,
557 1831 595 1896 de
618 1829 756 1915 Imperio
780 1830 977 1897 decertatum
998 1833 1111 1918 fuisse,
1135 1833 1277 1899 Livius

155 1937 278 1998 narrat:
300 1933 333 1997 in
356 1953 417 2016 quo
433 1930 562 2013 quidem
577 1931 672 1999 modo
696 1931 880 1999 decertandi
895 1953 966 1999 cum
982 1933 1187 2020 Samnitibus,
1210 1936 1275 2002 fere
1295 1942 1326 1994 30

152 2035 328 2101 Fortunam
351 2032 400 2119 (ut
422 2031 540 2119 dicam)
563 2034 703 2119 incoepti
731 2036 896 2119 poenituit.
940 2034 982 2100 Et
1010 2036 1071 2102 hoc
1092 2037 1276 2104 Lucanus

152 2136 186 2201 in
210 2135 350 2204 seeundo
372 2135 415 2202 ad
437 2137 619 2220 exemplum
641 2135 765 2203 reducit
786 2135 846 2201 sic:

182 2409 204 2442 ¹⁶
221 2407 291 2461 Edd.
311 2405 453 2462 Romanus
475 2404 578 2461 scilicet

235 2490 360 2564 populus
376 2491 455 2545 abest
472 2507 488 2546 a
505 2492 536 2546 F.
556 2492 590 2546 H.
605 2492 641 2545 Μ.
654 2492 687 2547 V.

182 2597 203 2629 ¹⁷
221 2596 256 2649 A.
274 2594 305 2648 F.
324 2594 358 2647 H.
377 2593 409 2646 L.
432 2594 469 2647 M.
487 2593 520 2649 V.
540 2594 690 2665 penatibus

222 2680 286 2735 alr'r's
315 2709 346 2717 -
379 2679 436 2733 Fie.
463 2678 538 2750 iecit
562 2679 616 2734 Det
641 2679 688 2748 fu·

220 2765 324 2820 miliari

181 2870 203 2901 ¹⁰
221 2868 354 2939 dignitate
371 2868 449 2920 abest
468 2880 484 2918 a
502 2865 534 2922 F.

181 2974 202 3007 ¹²
220 2970 253 3024 A.
271 2969 304 3022 Η.
323 2969 355 3023 L.
365 2969 403 3022 M.
415 2966 490 3020 —V.
510 2967 547 3021 ad
563 2968 688 3021 ultimum

221 3055 358 3110 commoni
377 3053 435 3108 ads.
462 3082 495 3092 -
520 3051 554 3108 F.
580 3052 618 3106 art
639 3052 686 3105 ul.

221 3156 280 3194 cum
298 3154 371 3192 cons.

180 3243 204 3274 ²⁰
221 3241 253 3294 F.
263 3240 295 3295 V.
300 3245 419 3312 propter
422 3240 560 3309 justitiam
570 3256 687 3311 copru-

221 3325 308 3380 Ficin.
319 3341 370 3396 prr
381 3340 525 3378 torrescere
544 3324 686 3379 linstanzo

238 3408 314 3475 dioc,
342 3408 413 3478 quod
453 3409 556 3464 habent
586 3425 687 3475 omnes,

221 3494 348 3550 omittunt
383 3493 441 3548 edd.
483 3525 517 3533 -
549 3493 687 3562 Integrum

221 3579 311 3634 locum
329 3579 368 3633 ita
385 3578 451 3633 mire
469 3578 617 3647 corrumpit
634 3578 685 3633 M.:

215 3681 270 3736 per
291 3670 346 3718 tres
357 3663 486 3720 Oratores
495 3661 612 3732 Pirriqes
625 3661 687 3718 ltirrc

220 3753 247 3803 et
267 3766 323 3820 per
347 3748 456 3803 totidem
476 3747 613 3818 Trojartos

181 3853 205 3885 ²¹
226 3850 349 3907 Oroatios
370 3866 419 3920 pro
448 3848 584 3904 Curiatios
612 3848 686 3903 exhi·

220 3936 286 3990 bent
303 3935 334 3990 F.
352 3935 385 3988 Η.
404 3935 447 4001 V,
466 3934 568 3989 socium
589 3933 686 3988 emorie

221 4194 245 4225 ²⁵
262 4190 362 4244 Lrvros
380 4190 400 4243 Ι.
419 4195 460 4251 24,
480 4194 519 4244 25,

150 4259 199 4315 sal.
221 4259 255 4312 Il.
277 4264 333 4314 135.

809 2405 941 2461 habentes
976 2405 1102 2461 lucorum
1136 2408 1276 2464 Limum

809 2490 870 2544 Div.
898 2490 1057 2546 Comoediae
1083 2499 1275 2551 commentato·

809 2592 865 2631 rem
883 2575 928 2641 (ad
945 2576 1042 2630 Parad.
1060 2577 1105 2630 VI.
1125 2583 1177 2645 39.)

825 2660 889 2715 iude
906 2660 1034 2716 omittunt
1051 2661 1088 2716 M.
1107 2661 1140 2716 V.

766 2762 791 2794 ²²
808 2762 889 2817 alteri
904 2779 981 2818 serus
999 2764 1099 2818 habeut
1118 2764 1194 2819 codd.

766 2864 790 2896 ²⁴
807 2864 841 2918 H.
862 2863 982 2921 Hostilio
1006 2883 1071 2938 repe
1089 2873 1153 2919 tunc
1170 2864 1275 2921 Roma-

806 2966 904 3003 norum
922 2952 1001 3006 cessit

764 3050 786 3083 ²⁵
803 3051 835 3103 A.
854 3051 888 3105 H.
908 3051 939 3104 L.
958 3052 991 3106 V.
1010 3054 1091 3123 cujus
1111 3053 1225 3109 Oratim

765 3151 797 3217 ²⁷,
813 3153 836 3185 ²⁸
853 3152 999 3219 Fraticell.,
1017 3171 1088 3210 unus
1106 3156 1231 3223 omnium,
1250 3161 1277 3210 et

807 3253 867 3292 crem
885 3237 948 3293 Sub.
968 3244 994 3292 et
1011 3256 1072 3294 cum
1090 3237 1182 3294 Sama.

766 3339 790 3372 ²⁸
806 3339 850 3404 H.
868 3338 912 3394 ltic
930 3341 958 3394 iri
975 3340 1111 3396 multitud.
1133 3372 1168 3382 -
1189 3344 1223 3397 A.
1241 3343 1272 3397 F.

807 3410 1274 3483 immmm—Mm

807 3525 861 3563 rtorr
880 3510 955 3564 mult.

823 3593 857 3651 F.
875 3594 909 3647 H.
928 3595 960 3648 L.
978 3596 1017 3649 M.
1035 3597 1274 3654 decertantium—

806 3680 839 3734 V.
858 3679 1060 3737 aeromantiam

765 3781 790 3815 ²²
806 3782 837 3836 F.
860 3782 894 3835 H.
917 3783 949 3836 L.
969 3783 1001 3838 V.
1031 3788 1059 3839 et
1082 3783 1141 3838 edd.
1166 3789 1273 3854 praeter

805 3867 908 3924 Fratic.
925 3867 959 3923 de
975 3867 1046 3940 Imp.
1063 3867 1199 3924 decretum

744 4050 746 4055 γ
764 3969 788 4002 ³²
804 3969 874 4024 Edd.
892 3972 931 4024 sic
948 3969 1054 4025 reducit

590 4190 709 4245 Orosius
727 4189 827 4246 Hister.
846 4190 879 4244 11.
900 4196 923 4244 t.
996 4191 1018 4224 ³¹
1038 4190 1167 4246 Lucinas
1185 4190 1271 4248 Phar-
