2940 5040
253 343 295 410 24
514 349 649 406 DANTIS
666 349 885 406 MONARCHIA
902 352 923 405 I.
942 350 973 405 C.
994 355 1035 406 12.
1053 355 1115 418 tlt).

252 524 424 590 humanum
445 541 544 605 genus
565 521 683 607 optime
706 540 740 588 se
754 522 872 588 habere
895 543 958 588 non
974 521 1068 605 dieat,
1092 541 1189 606 quum
1207 524 1373 610 potissime

202 633 235 684 30
252 626 313 692 hoe
343 623 497 708 principio
526 624 627 709 possit
653 624 722 688 uti?
752 623 817 690 Sed
845 623 985 690 existens
1019 624 1077 689 sub
1105 625 1295 710 Monaroha,
1326 633 1375 694 est

251 725 415 811 potissime
443 726 586 792 liberum.
636 729 769 810 Propter
791 723 877 808 quod
899 724 1077 809 sciendum,
1107 725 1193 807 quod
1218 727 1302 793 illud
1325 734 1375 795 est

252 827 395 910 liberum,
419 826 505 909 quod
518 827 641 912 suimet,
657 835 689 895 et
702 848 766 894 uon
781 827 911 893 alterius
925 827 1030 908 gratia
1045 833 1102 911 est,
1125 834 1159 892 ut
1174 827 1374 916 Philosopho

251 929 356 1015 piaret
377 931 410 994 in
431 929 487 1013 iis,
516 948 598 1012 quae
630 929 670 996 de
693 928 878 1013 simpliciter
905 927 995 994 Ente.
1039 929 1124 994 Nam
1151 928 1187 994 id
1215 931 1304 1013 quod
1326 938 1375 998 est

252 1031 382 1097 alterius
410 1031 528 1115 gratia,
556 1031 764 1097 necessitatur
785 1030 827 1095 ab
855 1030 927 1114 illo,
957 1030 1045 1095 euius
1068 1030 1173 1114 gratia
1195 1039 1261 1117 est;
1293 1033 1376 1100 sieut

202 1142 234 1193 35
252 1132 306 1198 via
319 1133 528 1199 necessitatur
541 1153 561 1199 a
576 1132 717 1199 termino.
756 1131 862 1199 Genus
877 1131 1058 1217 humanum,
1077 1134 1180 1198 solum
1195 1134 1374 1221 imperante

250 1234 438 1318 Monareha,
467 1234 517 1300 sui
545 1240 577 1301 et
603 1255 667 1300 non
688 1234 818 1301 alterius
840 1233 943 1315 gratia
966 1240 1029 1318 est;
1059 1240 1134 1300 tune
1162 1235 1247 1301 enim
1270 1238 1374 1303 solum

250 1337 383 1421 politiae
406 1335 582 1417 diriguntur
604 1335 763 1420 obliquae,
786 1334 998 1402 democratiae
1021 1336 1152 1421 scilieet,
1176 1337 1373 1420 oligarchiae

251 1444 348 1520 atque
370 1435 564 1523 tyrannides,
588 1458 669 1520 quae
686 1437 719 1502 in
740 1439 926 1504 servitutem
941 1444 1057 1520 eogunt
1071 1457 1173 1520 genus
1188 1440 1373 1523 humanum,

138 1565 141 1570 ·
251 1544 286 1605 ut
300 1544 389 1621 patet
404 1537 589 1605 discurrenti
603 1558 661 1622 per
675 1559 793 1623 omnes,
809 1546 840 1605 et
854 1539 1020 1623 politizant
1033 1559 1134 1624 reges,
1152 1541 1372 1626 aristocratioi,

202 1650 235 1700 40
254 1659 333 1721 quos
356 1639 523 1724 optimates
545 1647 676 1723 vocant,
705 1647 737 1706 et
758 1641 869 1726 populi
890 1641 1047 1707 libertatis
1070 1643 1235 1710 zelatores.
1280 1643 1373 1727 Quia,

253 1756 349 1823 quum
364 1741 536 1807 Monaroha
557 1742 696 1809 maxime
719 1742 832 1824 diligat
853 1742 1006 1827 homines,
1029 1749 1063 1807 ut
1085 1744 1150 1809 iam
1171 1750 1293 1810 tactum
1316 1751 1373 1828 est,

252 1841 451 1931 uult‚omnes
473 1843 616 1911 homines
638 1845 738 1910 bonos
760 1843 842 1928 fieri,
870 1843 955 1927 quod
978 1865 1047 1911 esse
1069 1866 1134 1911 non
1155 1851 1263 1930 potest
1284 1845 1372 1931 apud

252 1942 381 2025 oblique
403 1944 613 2030 politizantes.
658 1945 751 2013 Unde
772 1946 986 2031 Philosophus
1008 1947 1041 2011 in
1063 1946 1128 2012 suis
1144 1946 1288 2014 Politieis
1312 1948 1373 2015 ait:

252 2044 345 2124 Quod
372 2045 405 2110 in
433 2045 546 2130 politia
575 2047 705 2128 obliqua
734 2049 834 2115 bonus
868 2048 962 2114 homo
993 2054 1041 2113 est
1073 2049 1178 2112 malus
1212 2048 1307 2134 aivis;
1340 2050 1373 2115 in

201 2156 233 2206 45
252 2151 338 2213 reeta
366 2167 455 2231 veru,
487 2147 589 2213 bonus
621 2149 715 2215 homo
745 2155 775 2216 et
804 2149 883 2214 civis
919 2150 1020 2215 bonus
1049 2154 1282 2216 convertuntur.
1333 2151 1375 2216 Et

251 2247 434 2314 huiusmodi
462 2249 593 2332 politiae
622 2254 728 2316 reatae
761 2250 942 2316 libertatem
974 2249 1156 2333 intendunt,
1190 2251 1312 2319 seilioet
1339 2257 1376 2318 nt

251 2349 394 2416 homines
416 2356 547 2435 propter
568 2370 602 2415 se
632 2350 702 2416 sint.
745 2352 818 2418 Non
841 2352 924 2420 enim
947 2352 1033 2418 aives
1057 2358 1187 2438 propter
1209 2352 1372 2438 Consules,

250 2470 310 2516 nee
332 2470 409 2533 gens
438 2457 567 2537 propter
597 2452 733 2535 Regem5
762 2452 820 2519 sed
841 2474 859 2520 e
882 2475 1034 2522 converso
1063 2455 1217 2521 Consules
1244 2462 1376 2540 propter

252 2551 353 2635 cives,
389 2559 422 2619 et
452 2555 522 2619 Rex
550 2557 680 2636 propter
709 2560 844 2635 gentem.
895 2556 978 2635 Quia
1010 2555 1279 2637 quemadmodum
1310 2577 1373 2623 non

202 2668 235 2717 50
252 2653 366 2738 politia
396 2653 438 2717 ad
467 2655 568 2736 leges,
599 2653 738 2734 quinimo
767 2655 856 2736 leges
881 2657 924 2722 ad
951 2657 1096 2742 politiam
1124 2665 1297 2742 ponuntur,
1328 2658 1375 2724 sio

253 2753 426 2820 seeundum
453 2757 557 2838 legem
585 2754 747 2839 viventes,
775 2778 839 2823 non
867 2758 910 2823 ad
938 2758 1155 2841 legislatorem
1178 2758 1374 2844 ordinantur,

252 2853 310 2921 sed
337 2857 440 2938 magis
468 2857 524 2923 ille
553 2855 596 2920 ad
617 2856 691 2939 hos,
720 2864 754 2922 ut
782 2860 877 2925 etiam
905 2860 1101 2945 Philosopho
1128 2861 1235 2945 plaeet
1262 2861 1296 2925 in
1323 2861 1374 2944 iis,

253 2975 335 3042 quae
364 2956 404 3024 de
426 2957 587 3043 praesenti
614 2958 747 3026 materia
774 2960 866 3027 nobis
888 2962 929 3026 ab
959 2982 996 3028 eo
1025 2961 1138 3028 relicta
1166 2968 1245 3027 sunt.
1290 2961 1374 3029 Hine

277 3193 300 3225 ³¹
318 3193 356 3246 M.
372 3193 402 3246 Ρ.
422 3193 541 3265 Propter
558 3192 633 3264 quael
648 3194 785 3248 sciendum
865 3196 889 3229 ⁴⁸
905 3195 940 3249 H.
959 3213 973 3249 e
991 3198 1129 3252 contraria
1142 3205 1261 3268 propter
1278 3199 1326 3253 eia.

319 3283 359 3330 est
862 3280 887 3313 ⁴⁹
904 3281 936 3333 Ρ.
947 3280 982 3334 H.
993 3281 1030 3334 M.
1043 3279 1159 3335 P.—A.
1170 3281 1202 3334 L.
1213 3280 1245 3335 V.
1255 3290 1374 3354 propter

278 3360 301 3394 ³⁹
318 3361 350 3416 P.
364 3362 786 3435 polytizantur—F.polt‘tirattt
904 3366 985 3429 cives,
1005 3364 1068 3419 Rex
1081 3381 1128 3436 pr.
1146 3359 1252 3436 oetatem

319 3477 351 3485 —
369 3445 402 3500 V.
415 3447 563 3518 policitam
864 3450 886 3482 ³⁰
903 3448 933 3502 P.
954 3451 1032 3504 imaro
1052 3449 1124 3520 leqes

276 3532 300 3564 ⁴⁰
317 3531 350 3584 H.
368 3536 393 3584 et
405 3531 542 3602 propriae
559 3530 691 3586 libertatis
862 3535 882 3566 ⁵¹
901 3533 931 3586 P.
949 3533 1095 3588 secuudum
1114 3535 1187 3604 leues
1204 3536 1322 3590 viventes

335 3621 365 3669 F.
384 3615 414 3668 Ρ.
434 3616 478 3671 lib.
496 3616 641 3670 relationes
862 3619 884 3651 ⁶²
902 3618 933 3671 F.
955 3619 988 3671 H.
1013 3617 1044 3669 L.
1065 3617 1104 3670 M.
1128 3617 1159 3673 P.
1182 3619 1215 3672 V.
1233 3651 1267 3659 —
1285 3620 1318 3674 A.
1343 3627 1373 3674 at

277 3703 299 3734 ⁴¹
317 3702 350 3754 A.
369 3701 457 3772 maqis
474 3700 572 3772 diliqat
588 3699 708 3755 domines
903 3701 1009 3758 Pbilos:
1017 3702 1111 3774 placet
1445 3700 1454 3707 ’

276 3787 300 3819 ⁴⁴
318 3786 349 3839 F.
367 3785 401 3840 H.
419 3788 448 3837 L.
467 3785 498 3838 P.
517 3784 598 3839 boias
609 3784 726 3856 politiae
862 3787 884 3820 ⁴³
901 3787 939 3842 M.
958 3786 991 3841 ab
1010 3803 1041 3841 eo
1059 3786 1146 3841 relata
1163 3793 1226 3842 sum
1244 3794 1270 3857 za
1306 3794 1337 3857 ’,ζ
1357 3795 1367 3854 ζ

319 4006 342 4039 ³³
358 4004 390 4059 Id
417 4004 509 4061 estin
534 4002 722 4058 Anrsuounms
749 4004 901 4076 Metaphys.
928 4006 948 4061 Ι.
975 4011 999 4060 2.
1036 4006 1171 4062 Translat.
1189 4014 1258 4062 ant:
1287 4010 1374 4078 „liber

250 4072 330 4127 homo
356 4074 467 4138 suimet,
498 4078 524 4126 et
549 4088 604 4126 non
626 4073 735 4128 alterius
762 4089 845 4128 eausa
868 4079 935 4128 est“.
1006 4075 1029 4108 ³⁴
1046 4075 1233 4143 „politizunt“,
1260 4079 1371 4134 verbum

250 4141 409 4206 barbarum,
434 4140 551 4242 mihique
569 4156 678 4205 novum,
710 4157 760 4209 quo
786 4157 915 4210 „regnare
939 4147 966 4196 et
991 4142 1092 4196 civitati
1119 4149 1263 4212 praeesse“
1288 4147 1370 4216 signi·

248 4207 326 4331 fiteari
342 4215 416 4277 puto.
487 4210 497 4240 ⁴
527 4208 576 4262 III.
595 4214 617 4262 5.
638 4210 670 4275 (l)
740 4210 762 4244 ⁴³
778 4210 811 4264 E.
843 4226 882 4279 gr.
909 4211 1102 4266 Asrsuounnns
1136 4211 1240 4267 Politie.
1273 4214 1321 4269 ΠΙ.
1345 4219 1371 4269 t.

250 4292 265 4331 e
297 4282 336 4331 16.
