2940 5040
198 303 238 366 98
492 304 626 359 DANTlS
645 303 862 359 MONAROHIA
878 301 925 356 Ill.
944 300 973 356 G.
992 307 1016 356 4.

199 478 297 544 habet
318 477 431 559 lucem,
453 475 515 540 nisi
529 481 624 559 prout
644 474 757 558 recipit
779 495 799 539 a
822 473 906 557 Sole,
930 474 976 540 sic
992 494 1052 540 nec
1073 472 1218 555 regimen
1240 479 1314 541 tenr-

150 599 181 650 15
198 579 310 666 porale
344 578 563 644 auctoritatem
593 576 705 659 babet,
740 575 802 641 nisi
832 582 926 660 prout
961 576 1074 659 recipit
1107 594 1127 639 a
1160 575 1316 659 spirituali

199 679 360 762 regimine.

284 782 417 864 Propter
444 780 526 845 hanc
562 785 595 845 et
621 782 751 864 propter
783 777 863 843 alias
898 797 1006 843 eorum
1035 777 1176 844 rationes
1205 778 1316 844 dissol-

117 878 120 883 ’
200 881 331 964 vendas,
346 881 607 966 praenotandum,
623 879 718 963 quod,
737 879 817 945 sicut
835 878 1087 963 Philosopho
1105 880 1213 964 placet
1232 879 1319 944 iniis

201 1005 283 1068 quae
305 983 345 1049 de
368 983 549 1068 sophisticis
570 981 734 1064 blembis,
767 980 905 1065 „solutio
928 980 1106 1061 argumenti
1132 986 1181 1046 est
1203 981 1318 1046 erroris

149 1103 182 1155 20
200 1084 443 1153 manifestatio.“
486 1085 528 1148 Et
556 1084 632 1165 quia
659 1104 745 1150 error
773 1087 880 1167 potest
908 1102 978 1148 esse
1006 1082 1039 1146 in
1067 1082 1203 1147 materia
1233 1087 1266 1148 et
1287 1081 1318 1145 in

199 1187 300 1256 forma
327 1186 521 1270 argumenti,
551 1183 719 1268 dupliciter
744 1203 878 1268 peccare
907 1183 1074 1266 contingit:
1112 1190 1168 1250 aut
1198 1182 1321 1249 scilicet

200 1287 446 1355 adsumendo
468 1286 630 1369 falsum,
646 1289 791 1353 autnon
813 1283 1112 1370 syllogizando.
1147 1284 1241 1364 Quae
1257 1279 1320 1346 duo

200 1388 476 1472 Philosophus
507 1387 680 1471 objiciebat
707 1394 816 1453 contra
837 1373 1059 1453 Parmenidem
1088 1391 1121 1452 et
1141 1384 1319 1466 Maliacum,

201 1491 323 1557 dicens:
352 1490 435 1573 „Qui
456 1490 538 1555 falsa
560 1488 728 1572 recipiunt,
752 1495 784 1555 et
804 1510 868 1556 non
889 1488 1116 1574 syllogizantes
1138 1485 1244 1552 sunt.“
1280 1485 1321 1548 Et

149 1614 181 1665 25
201 1592 324 1676 accipio
347 1591 399 1655 hic
420 1591 509 1672 largo
525 1590 620 1656 modo
641 1589 803 1674 falsum,
827 1591 923 1658 etiam
936 1611 994 1674 pro
1016 1588 1216 1673 inopinabili,
1234 1585 1320 1668 quod
1391 1672 1394 1681 1

200 1695 234 1758 in
255 1691 390 1758 materia
404 1692 563 1776 probabili
585 1691 683 1757 habet
697 1697 842 1758 naturam
861 1692 943 1758 falsi.
982 1689 1017 1756 Si
1032 1711 1107 1756 vero
1131 1691 1171 1755 in
1193 1690 1318 1757 forma

202 1795 243 1860 sit
264 1798 443 1878 peccatum,
476 1793 635 1859 conclusio
657 1793 868 1861 interimenda
900 1798 948 1860 est
969 1794 1010 1858 ab
1032 1791 1089 1860 illo
1112 1792 1166 1876 qui
1192 1792 1318 1858 solvere

200 1896 286 1979 vult,
319 1894 515 1961 ostendendo
543 1896 675 1961 formam
706 1894 938 1979 syllogisticam
964 1915 1027 1960 non
1055 1914 1126 1960 esse
1148 1899 1318 1959 servatam.

202 1996 236 2063 Si
259 2017 335 2063 vero
357 2001 522 2079 peecatum
544 1997 599 2061 sit
620 1997 658 2060 in
680 1997 865 2079 materia,
894 2001 949 2061 aut
978 2001 1027 2062 est
1056 1996 1131 2078 quia
1158 1995 1319 2079 simpli-

150 2110 182 2162 30
202 2099 303 2167 citer
323 2098 439 2164 falsum
461 2098 664 2182 adsumptum
687 2102 750 2181 est,
779 2103 835 2161 aut
856 2097 932 2179 quia
953 2097 1069 2162 falsum
1097 2095 1320 2162 secundum

202 2200 305 2283 quid.
350 2199 385 2264 Si
408 2199 608 2284 simpliciter,
631 2220 689 2284 per
710 2199 986 2284 interemptionem
1008 2198 1171 2281 adsumpti
1192 2198 1318 2265 solven-

201 2304 276 2369 dum
299 2308 361 2385 est3
386 2303 414 2367 si
436 2300 608 2368 secundum
631 2300 722 2384 quid,
749 2322 807 2384 per
829 2300 1070 2367 distinctionem.

230 2539 250 2571 ¹⁴
268 2538 301 2591 Α.
321 2537 351 2590 F.
370 2537 407 2590 M.
427 2535 459 2589 V.
480 2539 507 2590 et
524 2536 598 2590 editt.
618 2553 733 2608 requam
811 2535 834 2567 ²³
850 2533 884 2587 H.
903 2534 1025 2589 Melisem
1040 2532 1224 2605 philosophos

270 2621 419 2693 tenporate
442 2652 476 2659 -
498 2621 638 2688 Sequimur
656 2621 731 2677 codd.
812 2619 834 2651 ²⁴
851 2618 883 2672 F.
902 2619 977 2689 qaod
991 2619 1068 2689 falsa
1085 2621 1167 2690 recep.

269 2708 302 2761 H.
321 2708 352 2761 L.
371 2707 402 2760 P.
869 2704 899 2757 Ρ.
931 2712 957 2758 et
982 2704 1169 2776 siliopizantec
1195 2710 1261 2757 sant
1288 2734 1320 2742 —

230 2795 259 2859 ¹³,
275 2792 336 2845 ¹¹⁵F.
355 2794 394 2847 sic
412 2797 438 2845 et
454 2806 568 2861 requam
586 2789 735 2861 temporale
854 2788 884 2840 F.
904 2788 936 2840 H.
957 2794 984 2842 et
1005 2805 1060 2842 non
1078 2788 1239 2842 simulantes
1257 2794 1321 2842 sant

270 2878 457 2932 auctoritatem
475 2891 528 2928 noa
547 2873 628 2928 babet
652 2906 682 2912 —
700 2874 734 2933 V.
814 2873 837 2906 ²⁵
854 2872 892 2926 M.
903 2875 1009 2944 accipio
1027 2874 1078 2929 troc
1095 2874 1174 2944 larqo
1192 2872 1275 2927 modo
1289 2903 1321 2911 —

271 2977 304 3014 ex
322 2961 487 3015 correctione
511 2961 550 3012 sic
573 2976 622 3014 nee
637 2961 735 3031 recipit
854 2957 886 3010 Α.
905 2957 937 3010 V.
956 2974 1012 3012 aaa.
1032 2959 1110 3030 larpo
1128 2957 1207 3011 modo

270 3061 346 3116 repa.
365 3052 444 3115 temp.
464 3050 568 3099 aaetor.
586 3043 736 3099 nonhabet
870 3041 901 3094 P.
920 3043 1082 3113 inopinabili
1103 3049 1129 3098 et
1152 3045 1180 3096 in
1204 3045 1322 3098 materia

271 3129 342 3183 -P.
352 3130 392 3184 sie
409 3145 459 3183 nee
475 3145 552 3199 repn.
572 3134 652 3202 temp.
662 3133 735 3185 aaut.
813 3126 837 3160 ²⁶
854 3127 928 3181 Editi
963 3143 1068 3192 omnes,
1103 3128 1199 3196 supino
1229 3143 1321 3182 errore

270 3231 325 3268 non
342 3213 421 3270 babet
854 3211 1068 3266 hibernaturum
1081 3212 1240 3282 spilopismi.
1256 3212 1320 3265 Fal·

232 3301 252 3333 ¹⁷
270 3299 300 3352 P.
320 3298 356 3352 Et
370 3305 488 3369 propter
505 3296 576 3352 bane
855 3312 912 3351 sam
946 3297 1088 3352 lectionem
1120 3297 1177 3366 jam
1208 3295 1320 3351 Ficinus

231 3384 253 3416 ¹⁸
268 3383 301 3436 F.
312 3382 345 3436 L.
359 3383 580 3453 praenotandam
590 3389 630 3435 est
644 3382 719 3452 qaod
852 3381 942 3436 habet.

228 3471 251 3502 ²¹
269 3468 300 3521 P.
313 3484 432 3538 parare
449 3469 583 3538 contiaqit
731 3505 734 3511 ·
811 3468 833 3500 ³¹
851 3467 884 3520 A.
914 3484 968 3538 per
999 3467 1249 3536 interpretationem
1277 3482 1321 3520 ar·

230 3555 253 3586 ²²
270 3552 301 3605 F.
316 3552 346 3604 P.
365 3558 412 3605 aat
429 3551 667 3605 simulando-A.
687 3556 735 3605 eat
852 3553 955 3622 sumpti
980 3582 1011 3589 -
1041 3549 1074 3602 Η.
1097 3551 1129 3603 L.
1151 3567 1206 3622 per
1230 3553 1318 3606 inten-

271 3653 361 3690 aeram
388 3635 548 3689 simulando.
576 3665 609 3672 —
635 3634 667 3687 V.
692 3638 735 3698 (ex
854 3637 951 3689 tionem
970 3651 1022 3688 ass.

271 3718 394 3787 Qrect.)
411 3728 459 3774 ant
477 3737 531 3774 non
548 3719 630 3774 simil.
812 3721 835 3753 ³²
852 3720 885 3773 H.
904 3737 952 3787 per
970 3720 1163 3774 districtionem

274 3942 295 3975 ¹⁸
311 3940 504 3994 ARISTOTELES
530 3944 595 4009 Περὶ
622 3942 790 4008 σοφιστικῶν
816 3937 932 4009 ἐλέγχων
958 3941 992 3994 Π.
1018 3946 1041 3995 3.
1080 3935 1115 3990 Ἣ
1144 3935 1215 4009 ὀρθὴ
1245 3939 1321 3998 λύσις

204 4007 351 4089 {perimere
369 4009 486 4072 ψευδοῦς
505 4009 695 4088 συλλοχισμοῡ.
764 4009 996 4089 ²³Ap1srornnns
1014 4008 1161 4078 Physica
1179 4008 1213 4087 lI.
1236 4009 1267 4062 T.
1289 4014 1320 4063 10

204 4077 307 4144 (Lectio
327 4082 361 4128 ω
397 4077 531 4131 Translat.
551 4082 672 4158 antupua:
692 4076 882 4142 „Parmenrdes
900 4079 1058 4132 ethlehssus
1074 4077 1220 4144 sophishce
1239 4078 1320 4146 syllo-

202 4145 433 4266 {ffintiplssamque
450 4146 521 4200 salsa
538 4147 680 4213 recipiunt
699 4150 726 4199 et
742 4161 797 4200 non
815 4146 1002 4215 syllogizantes
1021 4148 1109 4200 sunt.“
1140 4144 1180 4198 Of.
1198 4145 1321 4214 Plarad.
