2940 5040
279 336 318 400 90
569 337 704 419 opums
723 338 942 395 uonsncnm
959 339 1008 395 m.
1027 339 1056 399 c.
1075 344 1099 396 a.

277 513 378 580 otiose
393 517 584 596 moveretur;
609 511 694 594 quod
709 510 878 577 dicendum
893 533 956 579 non
978 519 1035 579 est.
1074 513 1115 580 si
1136 514 1246 582 Deus
1269 516 1396 582 vellet

278 613 606 697 impedimentum
639 612 754 695 finis,
787 615 887 680 vellet
915 614 1011 681 etiam
1041 613 1136 680 finem
1160 615 1393 701 impedimenti;

228 736 259 786 25
278 714 371 781 aliter
399 714 495 782 etiam
523 714 624 781 otiose
652 716 760 782 vellet.
810 715 853 779 Et
882 736 978 800 quum
1005 715 1077 782 finis
1105 717 1327 802 impedimenti
1348 718 1395 803 sit,

276 840 340 886 non
368 837 438 884 esse
469 815 515 882 rei
539 815 729 901 impeditae3
753 824 952 902 sequeretur,
979 818 1083 884 Deum
1118 820 1202 887 velle
1232 840 1297 887 non
1328 839 1395 888 esse

276 918 371 985 finem
393 922 540 1003 natiuae,
564 938 658 1002 quem
681 917 795 984 dicitur
816 919 902 985 velle
924 938 1003 988 esse.

363 1021 404 1088 Si
427 1020 510 1087 enim
533 1020 640 1087 Deus
662 1041 737 1087 non
769 1021 899 1089 vellet
926 1020 1259 1106 impedimentum
1281 1021 1395 1108 finis,

275 1129 369 1210 prout
390 1143 453 1189 non
475 1123 589 1206 vellet,
621 1128 805 1206 sequeretur
827 1121 869 1187 ad
890 1144 954 1189 non
975 1124 1073 1208 velle,
1096 1123 1177 1189 nihil
1199 1123 1240 1190 de
1263 1123 1394 1209 impedi-

225 1246 257 1296 so
275 1231 380 1292 mento
404 1229 543 1307 curaret,
566 1224 634 1290 sive
656 1231 754 1308 esset,
778 1225 847 1292 sive
868 1245 932 1290 non
954 1230 1048 1290 esset.
1094 1223 1160 1290 Sed
1183 1224 1238 1308 qui
1259 1225 1393 1312 impedi·

274 1331 414 1396 mentum
435 1347 498 1392 non
521 1329 624 1409 curat,
653 1346 720 1391 rem
743 1345 825 1408 quae
847 1330 952 1412 potest
979 1325 1129 1410 impediri
1150 1347 1214 1395 non
1236 1334 1344 1413 curat,
1367 1335 1395 1395 et

274 1450 332 1515 per
354 1446 565 1511 consequens,
594 1428 777 1494 nonhabet
805 1427 839 1493 in
860 1427 1040 1510 voluntate,
1075 1431 1107 1492 et
1130 1427 1216 1510 quod
1239 1429 1312 1512 quis
1334 1451 1395 1498 non

274 1532 372 1596 habet
392 1530 426 1595 in
448 1529 625 1612 voluntate,
647 1549 711 1595 non
733 1530 810 1594 vult.
847 1530 980 1613 Propter
1001 1528 1104 1611 quod,
1126 1529 1154 1595 si
1175 1529 1248 1597 finis
1262 1537 1393 1598 naturae

274 1631 423 1717 impediri
444 1635 564 1715 potest,
588 1630 674 1711 quod
695 1636 815 1716 potest,
846 1630 886 1699 de
908 1631 1098 1698 necessitate
1121 1633 1279 1717 sequitur,
1312 1631 1396 1716 quod

225 1754 256 1804 ³5
275 1735 363 1802 Deus
384 1733 480 1800 finem
494 1736 627 1799 naturae
648 1753 711 1799 non
734 1733 815 1816 vult3
840 1753 858 1799 e

299 1902 323 1935 ³³
340 1902 373 1955 A.
406 1901 441 1955 H.
472 1899 510 1954 M.
551 1931 585 1940 —
624 1901 657 1956 V.
691 1902 806 1955 otiosum

340 1992 457 2040 moeret
473 2017 507 2026 —
523 1985 591 2040 Edd.
613 1991 721 2056 praeter
739 1985 806 2040 Fra·

340 2072 388 2126 tic.
406 2087 467 2126 cum
485 2070 561 2126 codd.
581 2071 805 2125 PelinLaurent.

340 2157 428 2212 Palat.
447 2161 474 2210 et
491 2155 559 2210 Ven.
583 2158 667 2211 otiose
690 2160 807 2211 movent

299 2243 322 2276 ³⁴
339 2241 408 2296 Edd.
426 2241 504 2295 veltet
520 2246 548 2294 et
561 2241 643 2310 (inem

299 2328 323 2361 ²³
339 2326 371 2380 F.
390 2326 470 2380 aliter
487 2327 571 2381 otiose
588 2326 667 2380 veltet

299 2413 322 2445 ³³
339 2411 371 2465 F.
387 2411 418 2464 P.
438 2411 504 2480 quia
521 2410 664 2466 dicitur—
678 2408 712 2463 H.
732 2408 807 2479 quod

340 2496 391 2552 die.
410 2525 444 2534 ·-
468 2492 538 2548 Edd.
558 2494 674 2563 quidet.
696 2526 723 2534 -
748 2494 805 2548 Nc·

339 2581 444 2636 bissum
460 2578 564 2634 faciunt
580 2579 613 2632 A.
632 2578 664 2631 L.
674 2578 712 2632 M.
726 2577 759 2631 V.
779 2584 806 2633 et

338 2665 449 2721 Ficinus
459 2663 614 2718 -Rectam
633 2678 692 2718 esse
709 2662 802 2718 lectic-

338 2767 407 2815 nem‚
426 2764 506 2819 quam
524 2747 661 2812 dedimus,
687 2748 805 2817 probent

337 2835 420 2890 verba
437 2832 590 2903 superiora:
610 2831 802 2900 „Manifestum

338 2926 391 2984 est,
411 2918 482 2988 quod
498 2917 573 2972 Deus
593 2917 674 2972 finem
691 2923 803 2972 naturae

338 3005 420 3067 vnlt“‚
438 3002 473 3056 ad
491 3018 559 3071 quae
569 3002 680 3071 respicit
696 3009 800 3057 auctor.

296 3091 319 3125 ²³
336 3090 374 3143 M.
393 3088 425 3144 Si
441 3089 527 3159 iqitur
544 3088 619 3143 Deus
641 3119 674 3127 -
694 3087 803 3142 Mallem

338 3173 387 3229 Sia
405 3189 468 3228 cero
486 3172 561 3226 Oetes

296 3260 321 3293 ³³
337 3259 438 3313 Vocem
458 3258 546 3329 quod,
570 3272 649 3326 quam
675 3258 738 3312 olim
761 3258 802 3312 in·

337 3345 477 3398 serendam
495 3359 554 3398 esse
570 3343 664 3412 putavi
685 3343 732 3409 tad
748 3361 803 3398 aon

337 3430 417 3495 velle,
441 3430 515 3500 quod
531 3428 623 3496 notit),
646 3428 675 3482 in
699 3433 801 3483 textum

859 1737 872 1796 t
894 1733 939 1799 sic
961 1733 1103 1814 sequitur
1118 1732 1220 1818 prius,
1244 1734 1395 1803 videlicet

926 1899 1027 1969 recepit
1054 1899 1170 1956 Pretio:
1199 1918 1283 1971 quum
1306 1908 1393 1960 temen

926 1984 1103 2050 sbomnibus,
1121 1991 1255 2054 quotquot
1268 1987 1333 2053 vidi,
1351 2003 1393 2044 co·

925 2068 1028 2124 dicibus
1046 2069 1132 2136 absit,
1150 2071 1292 2140 antiquam
1304 2071 1393 2129 lectio·

926 2169 987 2208 nem
1005 2154 1120 2208 restitui.
1377 2140 1381 2150 ’

884 2239 905 2273 ³¹
923 2238 956 2292 V.
975 2255 1032 2292 rem
1050 2255 1121 2309 quae
1137 2239 1252 2310 prodest

884 2324 907 2356 ³²
924 2323 963 2377 F:
968 2340 1025 2394 per
1040 2340 1167 2395 conseqq.
1192 2323 1274 2380 dotet
1294 2326 1324 2381 in
1341 2327 1390 2382 ool.

883 2408 907 2442 ³³
923 2409 955 2462 F.
972 2408 1002 2461 P.
1021 2407 1139 2479 Propter
1163 2409 1239 2479 quod
1252 2411 1320 2480 finis
1337 2417 1390 2468 eet.

883 2494 906 2527 ³⁴
923 2494 961 2547 M.
981 2493 1109 2564 impediri
1123 2509 1178 2548 oon
1191 2500 1287 2565 potest

941 2580 974 2634 V.
985 2578 1141 2650 quodpetet
1151 2607 1181 2620 -
1190 2579 1301 2636 Ficinus
1312 2583 1392 2639 verba

925 2664 999 2735 quod
1035 2669 1125 2735 potest
1167 2680 1223 2718 non
1264 2664 1392 2724 hahuisse

923 2748 1030 2803 videtur

881 2834 905 2868 ³³
921 2834 953 2889 P.
964 2833 1124 2887 -H.etsic
1135 2834 1391 2905 priusvidet—M.

922 2920 999 2973 etsie
1012 2920 1094 2989 prius
1110 2917 1262 2972 videtur-
1272 2920 1306 2974 Α.
1319 2922 1391 2976 etsie

921 3005 1044 3074 sequitur
1062 3004 1192 3075 primum,
1217 3004 1343 3060 videlicet
1359 3035 1390 3045 -

921 3086 952 3140 V.
978 3092 1005 3140 et
1029 3089 1055 3141 si
1078 3103 1153 3158 sequ.
1182 3090 1279 3159 prius,
1311 3090 1390 3146 videt.

923 3171 952 3225 F.
963 3172 1036 3227 etsie
1046 3173 1170 3242 sequitur
1180 3174 1272 3244 prius,
1289 3175 1392 3231 scilicet

922 3256 1069 3312 -Eddet
1085 3259 1124 3313 sic
1140 3273 1215 3328 sequ.
1225 3259 1390 3332 quodprt'us

922 3342 1000 3396 videl.
1087 3383 1091 3396 .

338 3580 411 3651 Cep.
428 3583 472 3637 11.
507 3584 531 3618 ²³
547 3582 669 3650 Intelligo
688 3580 765 3648 quasi
782 3580 881 3634 dictum
899 3585 982 3634 esset:
1002 3579 1048 3646 „Si
1065 3580 1140 3634 Deus
1158 3580 1238 3634 vellet
1254 3596 1302 3647 es,
1321 3597 1389 3652 quae

269 3649 418 3719 impediunt
435 3650 515 3705 finem
532 3656 652 3714 naturae,
670 3649 688 3702 i.
700 3664 724 3702 e.
743 3664 862 3717 scopum,
881 3663 913 3702 ea
930 3647 965 3702 ad
1000 3663 1053 3701 uae
1070 3647 1156 3702 tendit
1173 3653 1279 3712 natura,
1297 3649 1387 3706 dicen·

270 3719 333 3773 dum
351 3726 429 3783 esset,
448 3735 509 3773 eum
527 3725 553 3773 et
570 3733 602 3772 ea
615 3716 690 3781 velle,
709 3716 743 3769 ad
761 3732 829 3785 quae
846 3715 961 3770 tendunt
979 3716 984 3727 '
1007 3732 1023 3770 a
1039 3715 1237 3785 impedimenta.
1264 3717 1389 3774 Tendunt

269 3802 332 3841 vero
350 3802 390 3853 eo,
409 3792 439 3841 ut
456 3802 499 3840 res
516 3785 652 3854 impedita,
672 3783 688 3837 i.
706 3799 727 3837 e.
747 3783 807 3838 finis
825 3787 947 3848 naturae,
966 3800 1020 3838 non
1039 3785 1081 3849 sit,
1100 3800 1155 3838 non
1172 3784 1339 3854 perducatur
1355 3787 1390 3842 ed

270 3855 408 3920 effectum,
435 3854 507 3924 quod
524 3855 649 3924 superius
673 3851 751 3906 dictis
771 3852 993 3907 contradiceret.“
1080 3853 1104 3886 ²³
1121 3852 1261 3908 Hactenus
1279 3854 1387 3911 demon-

269 3923 364 3977 stravit
381 3930 484 3988 auctor,
503 3922 556 3977 dici
573 3939 628 3977 non
638 3936 725 3990 posse,
743 3920 830 3974 Deum
846 3920 1064 3989 impedimentum
1076 3920 1137 3975 finis
1153 3924 1269 3976 naturae
1286 3922 1387 3980 directo

268 3991 366 4045 velle.
408 3990 470 4046 Jarn
491 3990 614 4059 procedit
637 3989 672 4043 ad
698 3989 810 4044 alteram
833 3989 1031 4056 quaestionem,
1057 4005 1092 4043 an
1110 3989 1275 4058 utriquest,
1300 3992 1388 4047 Deum

269 4073 336 4112 non
355 4073 480 4113 curare
498 4059 531 4113 de
548 4058 602 4112 fine
619 4065 747 4123 naturae,
766 4057 840 4111 cordi
858 4056 883 4110 ei
899 4074 953 4110 non
972 4072 1029 4111 esse
1047 4062 1138 4112 utrum
1154 4056 1320 4128 impediatur
1336 4075 1387 4114 nec

268 4141 316 4192 ne,
335 4141 396 4179 eum
413 4127 494 4195 igitur
511 4142 597 4194 neque
614 4127 681 4180 velle
697 4125 779 4180 finem
796 4127 909 4178 naturae
926 4125 1062 4195 impediri,
1089 4141 1176 4194 neque
1199 4127 1267 4180 velle
1285 4130 1387 4184 utnon

268 4193 436 4261 impediatur.
454 4226 487 4235 —
505 4194 609 4261 „Prout
626 4211 680 4248 non
698 4193 795 4247 vellet“
813 4208 862 4261 pro
882 4193 927 4257 „in
945 4199 1077 4262 quantum
1096 4210 1151 4249 non
1169 4195 1267 4249 vellet‘
1286 4194 1387 4252 dictum

268 4274 328 4315 esse
344 4265 419 4329 pute.
