2940 5040
371 351 508 408 DANTIS
525 351 741 407 MONAROHIA
758 353 779 406 I.
799 352 828 408 0.
846 359 869 408 9.
1140 353 1183 414 69

58 546 153 612 qaum
177 524 324 592 diremtio
346 524 537 590 universalis
558 523 653 608 litigii
676 525 778 608 magis
799 525 871 591 Deo
893 523 936 590 sit
957 544 1061 611 curae,
1085 547 1180 610 quam

57 627 206 696 diremtio
228 628 445 712 particularis,
469 634 501 692 at
522 627 556 692 in
576 625 824 712 particularibus
850 625 961 709 litigiis
990 627 1180 710 quibusdam

56 753 113 818 per
134 730 274 797 athletas
297 729 440 796 divinum
459 728 615 814 judicium
636 728 831 813 postulatur,
857 728 953 813 juxta
977 729 1086 795 tritum
1108 752 1214 815 pro-5

56 832 216 901 verbium:
246 831 305 898 uui
325 833 416 897 Deus
446 829 607 914 concedit,
636 829 806 896 benedicat
834 835 866 897 et
893 832 1021 917 Petrus;
1058 833 1180 898 nullum

57 934 190 1002 dubium
212 938 276 1017 est,
300 933 376 1015 quin
389 932 611 1018 praevalentis
632 932 665 996 in
680 932 810 998 athletis
832 954 889 1017 pro
912 933 1048 1018 Imperio
1071 933 1181 1000 mundi

56 1036 251 1106 certantibus
283 1035 345 1102 Dei
375 1033 533 1120 judicium
565 1034 607 1099 sit
639 1039 781 1116 sequuta.
837 1036 998 1102 Romanus
1032 1036 1179 1121 populus,

56 1139 178 1209 cunctis
200 1137 461 1204 athletizantibus
483 1157 541 1223 pro
563 1134 701 1220 Imperio
723 1136 851 1220 mundi,
873 1136 1069 1220 praevaluit:
1093 1137 1179 1219 quod

57 1241 116 1308 erit
146 1239 365 1324 manifestum,
395 1238 423 1304 si
452 1237 691 1305 considerentur
720 1238 876 1321 athletae,
906 1237 934 1302 si
962 1238 1180 1306 consideretur
1199 1259 1230 1310 to

57 1350 89 1410 et
116 1341 264 1408 bravium
293 1341 362 1407 sive
390 1345 485 1407 meta.
535 1339 687 1406 Bravium
721 1340 791 1406 sive
819 1344 905 1406 meta
932 1339 1005 1423 suit,
1036 1341 1181 1407 omnibus

56 1463 209 1530 praeesse
232 1442 437 1526 mortalibus;
459 1442 522 1508 hoc
544 1442 629 1508 enim
649 1441 822 1526 Imperium
845 1440 987 1507 dicimus.
1034 1439 1099 1507 Sed
1120 1443 1182 1509 hoc

55 1545 138 1612 nulli
166 1544 314 1627 contigit,
343 1542 404 1608 nisi
432 1543 575 1608 Romano
603 1543 739 1627 populo:
769 1542 821 1608 hic
848 1563 911 1609 non
933 1542 1028 1610 modo
1050 1543 1180 1628 primus,

55 1647 134 1730 quain
156 1647 254 1714 etiam
275 1645 362 1711 solus
385 1643 492 1724 attigit
504 1649 624 1711 metam
645 1644 835 1727 certaminis,
859 1649 894 1708 ut
915 1644 1024 1710 statim
1046 1645 1178 1728 patebit.

141 1748 267 1814 Primus
288 1765 426 1828 namque
447 1745 480 1811 in
502 1745 706 1830 mortalibus,
730 1745 785 1828 qui
808 1744 850 1810 ad
872 1745 933 1811 hoc
956 1745 1102 1812 bravium
1124 1767 1177 1812 an·
1200 1768 1229 1822 15

57 1850 197 1934 halavit,
230 1848 357 1915 Ninus
385 1847 459 1931 fuit,
488 1846 693 1932 Assyriorum
721 1867 794 1931 rex3
831 1848 900 1931 qui,
936 1848 1082 1929 quamvis
1108 1869 1180 1914 cum

55 1957 202 2020 consorte
229 1949 314 2017 thori
343 1947 553 2014 Semiramide
587 1969 646 2032 par
673 1948 847 2030 nonaginta
881 1954 914 2014 et
941 1949 1049 2032 plures
1078 1970 1179 2016 annos

58 2052 106 2140 (ut
129 2051 300 2119 Orosius
327 2049 436 2136 refert)
465 2049 638 2134 Imperium
667 2049 778 2114 mundi
807 2050 903 2116 armis
932 2050 1120 2134 tentaverit,
1147 2056 1180 2116 et

56 2156 169 2221 Asiam
190 2159 291 2221 totam
313 2152 377 2219 sibi
398 2153 574 2236 subegerit,
603 2172 667 2218 non
696 2156 803 2217 tamen
832 2150 1045 2218 occidentales
1070 2150 1179 2216 mundi

56 2264 165 2342 partes
199 2255 247 2323 eis
287 2274 426 2337 unquam
465 2253 628 2320 subiectae
667 2253 801 2320 fuerunt.
850 2253 973 2319 Horum
1012 2254 1178 2319 amborum
1196 2275 1229 2328 20

57 2357 229 2427 Ovidius
256 2350 443 2425 memoriain
471 2356 547 2421 facit
575 2355 608 2420 in
637 2360 766 2440 quarto,
793 2355 848 2420 ubi
870 2354 948 2421 dicit
968 2355 1002 2420 in
1024 2356 1179 2441 Pyramo:

262 2480 410 2537 Coctilibus
427 2481 511 2535 muris
530 2481 646 2537 cinxisse
663 2479 816 2535 Semiramis
835 2480 943 2550 orbem3

58 2577 88 2638 et
109 2569 208 2636 infra:

261 2692 428 2749 conveniant
444 2691 479 2746 ad
496 2693 577 2747 busta
594 2691 674 2760 Nini,
691 2692 848 2760 lateantque
866 2691 916 2745 sub
934 2692 1037 2746 umbra.
1054 2731 1058 2739 .

101 2867 113 2900 ³
130 2864 243 2919 directio
261 2863 363 2917 habent
381 2876 472 2916 omnes
491 2861 567 2916 codd.
711 2864 739 2914 et
760 2861 891 2924 bravium,
918 2860 990 2928 quod
1014 2866 1040 2921 ta
1058 2860 1125 2916 Van.
1150 2861 1179 2914 in

99 2951 111 2982 ¹
128 2951 162 3002 A.
171 2949 288 3020 direptio
297 2979 330 2988 -
340 2946 437 3017 reliqui
455 2946 535 3002 etiam
547 2945 591 3001 hic
710 2946 791 3000 etiam
800 2948 943 3010 mutatum)
954 2945 1032 2999 abest
1040 2960 1057 3000 a
1065 2945 1097 2999 F.
1108 2950 1135 2999 et
1143 2945 1177 2998 H.

124 3034 238 3089 directio
669 3028 690 3062 ¹³
707 3031 740 3083 A.
764 3029 798 3084 H.
821 3028 852 3082 P.
869 3027 903 3082 V.
925 3030 1060 3101 aoatr'npr't
1085 3059 1119 3070 -
1143 3029 1177 3082 F.

101 3121 162 3172 ὗΑ.
180 3119 213 3174 L.
225 3118 402 3191 portabamus
425 3148 458 3157 -
482 3115 519 3170 M.
538 3131 592 3186 pa·
711 3114 836 3169 corroear't

123 3202 254 3258 statamus
672 3199 693 3231 ¹¹
710 3198 780 3252 Edd.
799 3199 866 3269 qaia
882 3203 908 3252 et
924 3197 1000 3253 solas

140 3289 208 3343 Edd.
220 3290 311 3360 juata
322 3289 386 3360 jam
404 3286 497 3341 tritam
729 3282 796 3336 Edd.
815 3283 865 3353 qai
880 3284 973 3354 attr'pe‘t
988 3313 1022 3320 —
1041 3280 1074 3334 A.
1093 3280 1125 3333 F.
1142 3280 1177 3335 H.

100 3376 111 3408 ⁰
128 3373 160 3429 F.
178 3374 210 3430 P.
228 3373 302 3429 aeas
320 3372 453 3428 concedat
710 3368 740 3421 P.
759 3369 871 3439 attiaqr't
888 3397 921 3408 -
938 3367 971 3421 V.
990 3366 1124 3438 coatiapr't

140 3458 175 3512 H.
193 3458 264 3513 malli
279 3458 390 3513 dubiam
672 3455 693 3487 ¹¹
709 3453 751 3506 Ita
769 3467 862 3506 omnes
874 3453 917 3517 (ab
935 3467 989 3507 uno
999 3452 1037 3507 M.
1048 3450 1127 3506 abest
1139 3451 1178 3517 ia)

102 3546 124 3578 ¹⁰
141 3543 172 3597 F.
198 3543 272 3613 qaod
294 3546 335 3596 est
357 3542 532 3611 manifestam
557 3571 592 3580 —
711 3567 743 3580 -
761 3536 830 3591 Edd.
849 3539 919 3591 inter
936 3535 1064 3591 mortales

124 3628 159 3683 H.
179 3632 206 3682 et
222 3627 253 3681 P.
278 3626 354 3697 qaod
369 3627 423 3679 erit
440 3625 591 3680 maximam
672 3623 693 3655 ¹⁷
710 3621 781 3676 Edd.
800 3637 888 3676 amoos
904 3627 931 3675 at
941 3620 1041 3692 plures

140 3713 215 3768 Inter
246 3710 363 3766 athletae
384 3714 412 3765 et
437 3711 462 3764 si
487 3708 589 3765 comici.
672 3707 693 3741 ¹¹
710 3708 742 3760 A.
761 3712 791 3759 at
808 3704 920 3761 Servius
937 3706 1026 3776 refert

124 3797 356 3867 conjunctionem,
389 3809 469 3862 quam
495 3808 591 3848 sensus
727 3792 759 3845 F.
777 3792 861 3845 armis
878 3791 1035 3846 tractaverit

125 3881 319 3952 quodammodo
342 3879 496 3933 desiderare
519 3877 590 3932 vide·
671 3876 694 3910 ¹⁹
710 3876 779 3931 Edd.
798 3881 881 3930 totam
898 3876 992 3930 Asiam
1017 3905 1050 3914 —
1074 3874 1108 3931 H.
1126 3876 1176 3929 As-

124 3974 183 4033 tur,
209 3965 304 4021 inserit
321 3963 422 4019 Fratic.
464 3962 517 4017 Sed
534 3961 590 4018 suf·
710 3963 814 4033 syriam
832 3965 915 4015 totam

124 4051 181 4108 ficit
205 4052 322 4106 alterum
349 4056 374 4104 et
400 4047 472 4103 inter
488 4047 590 4102 consid.
669 4048 687 4080 ¹¹
705 4048 739 4100 A.
756 4046 791 4100 H.
810 4046 843 4100 V.
861 4045 1015 4100 memoriam
1032 4044 1101 4114 fecit

125 4205 198 4274 dap.
217 4202 275 4258 IX.
318 4202 359 4255 ¹?
464 4200 623 4255 ¹¹Osos1us
645 4199 747 4254 Hister.
774 4198 794 4251 Ι.
814 4203 838 4252 4.
942 4198 964 4231 ²¹
983 4196 1064 4251 Orm.
1088 4195 1175 4253 Mete·

56 4273 160 4344 morph.
178 4272 225 4327 IV.
244 4275 285 4326 58.
365 4270 388 4303 ¹³
405 4268 507 4324 Ibidem
525 4285 548 4323 v.
570 4272 610 4322 88.
