2940 5040
471 1138 958 1220 VERSIONES.

638 1296 791 1304 ,----

573 1393 598 1457 Ι.
642 1393 855 1460 ITALIOAE.

516 1527 549 1581 A.
594 1526 760 1581 MARSILII
786 1527 906 1582 FIGINI.

236 1665 545 1750 Interpretctionem‚
574 1684 669 1747 quom
692 1664 821 1731 Vicinus
843 1685 928 1731 anno
954 1669 1033 1730 1467
1057 1665 1273 1746 composuisse

151 1776 296 1857 videtur,
319 1777 513 1858 Antonio,
543 1774 652 1841 Tuccii
673 1773 749 1857 filio,
772 1775 984 1854 Manettio,
1013 1782 1045 1841 et
1066 1775 1273 1852 Bernardo

151 1887 217 1953 del
247 1887 368 1967 Nero,
397 1884 607 1951 familiaribus
636 1885 718 1969 suis,
748 1886 924 1969 inscripsit,
955 1905 1086 1967 quorum
1108 1887 1165 1950 illc
1186 1885 1272 1952 idem

151 2017 223 2064 esse
250 1996 390 2074 videtur,
419 1996 470 2061 cui
497 2001 666 2061 tractatum
695 1995 736 2061 de
764 1997 844 2076 situ,
871 1996 975 2065 forma
998 2003 1030 2061 et
1051 2015 1201 2061 mensura
1222 1996 1274 2061 In-

150 2107 233 2174 ferni
256 2107 419 2173 debemus.
464 2106 624 2171 Dividitur
644 2106 678 2170 in
700 2106 800 2171 libros
822 2112 855 2171 et
877 2106 1029 2191 capitula,
1057 2126 1189 2188 quorum
1212 2107 1273 2191 pri·

151 2238 238 2283 mum
269 2217 517 2300 uniuscujusque
549 2216 623 2281 libri
656 2217 895 2300 „prooemium“
935 2216 1058 2282 dicitur.
1117 2217 1186 2282 Hoc
1221 2217 1274 2283 dc·

152 2335 264 2410 tracto,
287 2346 436 2392 numerus
458 2327 598 2409 capitum
619 2328 653 2391 in
668 2327 769 2393 tribus
785 2328 875 2392 libris
896 2333 960 2392 est:
982 2327 1054 2406 XV,
1070 2327 1120 2392 XI
1138 2335 1170 2393 et
1184 2328 1273 2393 XVI.

238 2436 383 2519 Codices,
406 2438 460 2519 qui
482 2436 561 2501 mihi
583 2436 712 2518 quidem
733 2437 949 2518 innotuerunt,
971 2437 1005 2500 hi
1027 2444 1116 2502 sunt:

240 2553 267 2613 1.
309 2548 573 2612 Lnuuununnus
606 2546 689 2612 Plut.
724 2546 840 2612 XLIV.
882 2548 952 2613 cod.
982 2551 1032 2613 36.
1067 2549 1205 2614 chartac.
1241 2549 1274 2613 iu

153 2665 264 2741 quarto
292 2676 376 2722 saec.
399 2657 471 2722 XV.
493 2655 640 2722 foliorum
663 2660 713 2722 33.
756 2659 794 2723 In
820 2658 924 2740 calce,
953 2658 1165 2725 referentibus
1191 2659 1274 2723 Ban-

154 2769 243 2833 dinio
266 2767 315 2841 (V.
329 2770 414 2846 232.)
437 2773 469 2833 et
484 2767 607 2849 Turno,
620 2768 701 2833 haec
716 2768 879 2850 leguntur:
901 2767 1026 2831 11161666
1041 2770 1072 2832 16
1086 2768 1273 2831 Monarcbio

154 2879 189 2942 di
208 2878 323 2949 Docte,
347 2877 487 2940 trodottu
509 2877 549 2938 dc
571 2876 689 2940 Latino
711 2879 743 2939 in
766 2879 870 2961 linquo
896 2880 1036 2941 Torcuno
1064 2879 1105 2941 do
1129 2879 1274 2941 1116661116

153 2989 267 3053 Isticine
290 2989 468 3050 Florentino
495 3009 515 3050 6
534 2986 704 3051 Borncrdo
726 2988 777 3050 dcl
795 2987 885 3051 Nero
900 2987 929 3071 ff
943 2990 1082 3051 Antonio
1105 2990 1139 3052 di
1162 2991 1275 3052 Tuccio

153 3099 297 3175 Monstri,
320 3099 497 3160 umicobsimi
516 3099 593 3169 suoi,
620 3099 649 3183 g
664 3099 904 3178 prudentissimi
923 3098 1076 3182 ciptudini
1088 3099 1274 3177 Florentini,

152 3211 205 3273 nel
218 3230 298 3272 mese
320 3210 354 3271 di
373 3208 489 3272 Murro
512 3229 532 3269 6
553 3207 585 3271 dl
607 3208 700 3273 XXI.
722 3206 1008 3272 MCCCCLXVH.
1031 3211 1063 3272 in
1084 3209 1231 3275 Firenze.

241 3318 369 3402 Scripto
397 3317 431 3379 di
456 3338 547 3380 mono
578 3319 678 3381 dimo
699 3320 838 3382 Antonio
861 3320 894 3382 di
919 3321 1032 3383 Tuccio
1060 3321 1273 3404 soprnddetto,

156 3427 254 3493 trotio
283 3428 365 3491 dello
394 3429 563 3511 oriqobolc,
597 3448 713 3491 uncorn
734 3433 853 3512 scripto
877 3430 917 3492 do
945 3451 1008 3507 me,
1041 3451 1059 3492 6
1094 3430 1211 3493 deitato
1236 3430 1274 3493 do

156 3541 241 3604 detto
262 3538 409 3602 1116661116
430 3537 550 3609 Finito,
574 3558 665 3600 como
687 3538 860 3601 stultissimo
883 3561 899 3600 6
912 3538 1049 3623 filososo
1068 3540 1238 3624 platonice.

240 3650 333 3714 Hunc
353 3648 495 3714 codicem
517 3667 552 3713 se
573 3655 741 3731 sequutum
763 3667 834 3714 esse
856 3646 1019 3732 profitetur
1041 3651 1180 3714 Turrino.

241 3764 270 3824 2.
302 3759 652 3824 Mncnrnouccnmnus
674 3758 699 3822 Ι.
744 3756 845 3823 Olass.
861 3759 932 3824 VII.
954 3759 1126 3824 1161173.
1150 3761 1275 3825 charta-

157 3890 231 3936 ceus
258 3871 292 3934 in
322 3876 444 3952 quarto,
472 3868 662 3952 paginarum
685 3871 736 3932 94.
787 3868 929 3952 Scriptus
951 3868 1077 3935 videtur
1098 3869 1156 3934 sub
1181 3868 1276 3934 finem

158 3999 242 4048 saec..
263 3981 335 4061 XV,
358 3979 412 4044 vel
433 3978 523 4044 initio
546 3978 633 4044 XVI.

282 4091 332 4154 llx
359 4090 420 4154 hoc
447 4088 555 4153 codice
577 4089 777 4156 Fraticellius
805 4089 940 4172 primam
963 4089 1117 4154 versionis
1139 4089 1278 4156 licinie-

158 4219 222 4266 nae
244 4198 416 4265 editionem
439 4199 554 4264 bausit.
