2940 5040
496 339 782 395 PROLEGOMENA.
1108 343 1210 398 XLVII

78 512 259 603 conclusio,
284 512 381 584 etiam
416 525 566 608 quartum
594 515 729 587 convivii
763 526 946 606 tractatum,
971 514 1063 609 cujus
1090 519 1203 611 capita,

78 641 142 711 iam
170 663 269 736 supra
296 640 422 712 laudata
445 642 484 712 de
511 642 625 714 iisdem
652 643 895 737 quaestionibus
922 644 1115 740 disceptant,
1130 655 1204 723 ante

78 791 203 839 annum
225 767 319 838 1302
349 771 568 864 compositum
597 771 779 861 esse,foret
795 769 982 841 dicendum.
1026 770 1111 842 Sunt
1137 773 1207 869 qui·

78 895 152 966 dem
183 895 237 991 qui
265 896 353 966 baruc
381 905 550 967 tractatum
578 896 617 966 ad
634 919 757 967 annum
778 896 873 968 1298
893 898 1103 971 referendum
1131 925 1203 973 esse

77 1033 203 1119 putent,
231 1023 285 1094 sed
315 1022 399 1093 banc
426 1023 614 1119 opinionem
642 1024 763 1095 erroris
787 1023 980 1118 jamdudum
1007 1051 1024 1096 a
1052 1050 1105 1097 me
1132 1051 1203 1100 esse

78 1151 260 1221 convictam
287 1150 498 1240 arbitror.⁴⁷)
552 1149 616 1220 Sed
644 1150 727 1221 salva
755 1176 808 1222 res
835 1163 898 1223 est:
926 1153 1028 1248 capita
1057 1151 1201 1226 Convivii

78 1279 120 1351 de
147 1278 266 1373 quibus
292 1276 443 1367 diximus,
462 1278 659 1348 conveniunt
686 1277 816 1373 quidem
841 1303 915 1351 cum
944 1280 1028 1351 libro
1055 1280 1200 1353 secundo

78 1403 303 1487 Monarchiae‚
331 1403 388 1474 sed
416 1428 457 1474 ne
484 1404 649 1497 attingunt
676 1405 806 1500 quidem
835 1422 1027 1502 argumenta
1055 1408 1087 1478 iu
1117 1407 1200 1479 libro

79 1532 186 1627 primo
221 1540 253 1600 et
279 1531 373 1601 tertio
400 1531 555 1626 exposita.
608 1531 724 1603 Nullus
758 1533 857 1626 igitur
891 1535 923 1605 in
953 1533 1107 1607 Convivio
1135 1546 1204 1607 erat

79 1658 168 1731 locus
202 1657 491 1754 disceptationibus
525 1683 599 1729 cum
634 1658 826 1732 adversariis
859 1661 1118 1758 quibuscumque
1154 1664 1203 1734 in·

79 1785 263 1857 stituendis.

181 1912 302 1984 Eadem
338 1914 406 1986 fere
445 1912 580 1984 dicenda
615 1924 692 1984 sunt
726 1915 765 1984 de
799 1915 877 2006 alio,
913 1916 998 2011 quod
1033 1917 1119 1987 idem
1158 1919 1206 1989 vir

79 2042 195 2113 doctus
223 2040 316 2112 nobis
343 2040 476 2136 opponit
502 2050 717 2134 argumento:
751 2065 852 2137 quum
879 2041 1001 2114 [lantes
1029 2044 1062 2114 in
1090 2055 1204 2141 quarto

79 2166 223 2240 Convirii
242 2178 378 2239 tractatu
394 2167 532 2238 lectores
551 2167 590 2238 ad
610 2167 757 2239 latiorem
774 2170 951 2240 earundem
973 2172 1199 2267 quaestionum

78 2295 314 2392 expositionem
334 2296 368 2367 in
384 2294 571 2365 Mounichia
599 2318 663 2365 non
681 2294 817 2389 ableget,
834 2299 1088 2393 supponendum
1118 2323 1200 2391 esse,

78 2435 225 2519 tempore
259 2447 323 2518 quo
351 2421 540 2494 Convivium
569 2422 778 2513 scribebatur,
804 2422 1024 2496 Monarchiam
1053 2425 1201 2497 noudum

78 2552 233 2624 extitisse.
285 2549 322 2620 ln
348 2548 502 2621 Convicio
530 2550 561 2620 id
590 2550 696 2621 solum
724 2550 838 2644 agebat
863 2550 995 2642 Dantes,
1023 2563 1057 2623 ut
1084 2554 1203 2624 exami-

68 2690 178 2770 naret,
193 2700 352 2774 quaenam
369 2677 544 2748 auctoritas
560 2677 742 2748 definitioni
758 2678 932 2750 nobilitatis
949 2678 988 2751 ab
1000 2681 1199 2779 Imperatore

78 2807 167 2878 datae
201 2804 373 2878 tribuenda
409 2805 460 2875 sit.
521 2802 570 2873 ad
608 2804 690 2874 banc
727 2829 802 2875 vero
830 2809 1052 2902 quaestionem
1082 2807 1198 2903 dijudi-

77 2935 213 3006 candam
242 2933 378 3004 omnino
406 2932 487 3003 nibil
514 2931 590 3002 tacit
616 2933 836 3004 controversia
870 2933 910 3004 de
945 2936 1201 3030 praeeminentia

77 3061 181 3158 Papae
216 3061 264 3131 rel
290 3059 517 3154 Imperatoris,
550 3060 584 3129 in
611 3058 796 3131 Monarcbia
833 3070 974 3132 tractata.
1030 3062 1202 3159 Superssua

77 3191 177 3284 igitur
202 3189 318 3259 luisset
344 3184 439 3279 bujus
467 3187 574 3282 operis
601 3187 759 3281 allegatio.

179 3314 346 3386 Praeterea
382 3324 417 3385 ut
443 3324 586 3384 nostram
622 3315 747 3386 refellat
778 3317 971 3389 sententiam
998 3319 1047 3389 vir
1073 3319 1200 3392 clariss.

77 3443 115 3514 ad
152 3443 234 3513 duos
267 3440 474 3512 Monarchiae
516 3453 667 3536 provocat
703 3442 808 3533 locos,
844 3444 877 3514 in
917 3469 1056 3540 quorum
1097 3447 1200 3519 altero

77 3571 210 3643 exilium
238 3569 389 3659 auctoris,
415 3569 516 3639 altero
544 3579 651 3640 autem
679 3580 826 3665 tempora
853 3569 984 3643 Hearici
1007 3573 1072 3644 VH.
1099 3576 1199 3646 annui

76 3707 178 3794 putat.
219 3693 320 3789 Cujus
347 3695 434 3767 enim
464 3718 533 3791 cap.
554 3698 588 3766 4.
615 3696 688 3767 libri
706 3695 749 3767 lll
776 3698 976 3770 adversarios
1002 3696 1071 3799 (qni
1098 3703 1197 3792 „dum

76 3851 114 3897 ex
140 3835 231 3922 patre
246 3822 382 3895 Diabolo
410 3833 496 3915 sunt,
512 3821 677 3894 Ecclesiae
705 3849 740 3895 se
766 3825 850 3896 lilios
877 3850 949 3898 esse
976 3826 1119 3922 dicunt‘)
1148 3854 1199 3902 ac·

77 3963 177 4040 cusat,
203 3951 378 4041 tratreS,
404 3951 527 4022 scilicet
554 3952 785 4047 expellere,
813 3953 874 4024 boc
893 3956 932 4025 de
950 3955 1083 4051 proprio
1103 3957 1197 4029 exilio

80 4137 284 4150 —————-

161 4238 191 4302 ⁴⁷)
210 4235 323 4291 Dante’s
340 4234 471 4307 Lyriscbe
489 4234 630 4290 Gedicbte.
666 4236 717 4290 Ed.
736 4237 857 4291 secundo
873 4252 901 4305 p.
920 4242 1028 4294 59-63.
