2940 5040
262 346 322 405 104
555 347 689 402 DANTIS
708 347 929 402 MONAECHIA
947 348 995 400 llI.
1014 347 1042 401 (l.
1062 353 1086 400 5.

261 520 304 585 ad
324 519 504 604 Imperium.
542 520 621 585 Levi
642 519 817 601 praecessit
838 518 955 585 Judam
977 520 1010 584 in
1032 518 1210 601 nativitate,
1233 524 1268 583 ut
1289 525 1378 604 patet

260 620 293 685 in
315 620 422 686 litera:
450 639 524 702 ergo
546 620 692 687 Ecclesia
717 624 883 705 praecedit
909 621 1080 706 Imperium
1116 620 1149 684 in
1177 620 1314 686 auctorit
1336 627 1377 688 te.

347 721 388 786 Et
409 722 470 789 hoe
491 743 567 789 vero
590 723 630 790 de
651 723 738 788 facili
759 726 906 791 solvitur:
934 745 1008 789 nam
1030 721 1116 804 quod
1139 721 1262 806 dicunt,
1294 724 1379 804 qnod

262 824 342 891 Levi
365 829 396 889 et
424 823 540 906 Judas,
569 823 627 889 filii
649 825 765 908 Jacob,
793 826 930 908 figurant
958 826 1020 890 ista
1047 824 1217 907 regimina,
1251 844 1379 906 possem

214 942 245 996 ro
263 925 408 991 similiter
435 924 495 991 hoe
528 926 737 994 interimendo
767 928 957 1010 dissolvere,
993 925 1050 992 sed
1084 925 1284 992 concedatur.
1339 927 1381 991 Et

263 1046 359 1109 quum
381 1026 543 1108 arguendo
566 1028 716 1094 inferunt:
746 1029 834 1095 Sicut
856 1029 936 1094 Levi
956 1026 1120 1112 praecedit
1144 1027 1380 1105 innativitate,
1414 1081 1416 1085 ,

263 1127 309 1193 εἰε
337 1127 483 1194 Ecclesia
510 1129 543 1193 in
571 1131 774 1215 auctoritate,
806 1131 877 1197 dico
906 1130 1066 1211 similiter,
1098 1128 1184 1211 quod
1212 1128 1302 1194 aliud
1331 1135 1381 1195 est

262 1230 480 1317 praedicatum
511 1233 735 1317 conclusionis,
771 1238 803 1299 ct
835 1232 923 1297 aliud
945 1231 1048 1315 major
1077 1231 1276 1297 extremitas:
1306 1251 1381 1295 nam

262 1333 352 1398 aliud
373 1337 423 1400 est
444 1334 630 1417 auctoritas,
662 1339 694 1400 et
715 1335 804 1401 aliud
825 1333 990 1416 nativitas,
1017 1332 1161 1417 subjecto
1185 1332 1381 1417 stratione,

214 1452 243 1503 15
262 1440 393 1519 propter
422 1433 507 1516 quorl
533 1441 683 1519 peccatur
709 1436 742 1500 in
769 1436 878 1503 forma.
928 1435 970 1499 Et
998 1441 1046 1500 est
1073 1434 1186 1499 similis
1212 1454 1384 1519 processus

263 1536 351 1600 huic:
378 1535 594 1619 Apraeecdit
620 1537 647 1600 B
670 1537 702 1601 in
725 1537 763 1622 O,
793 1539 878 1603 Det
903 1537 930 1600 E
959 1557 994 1603 se
1022 1536 1142 1601 habent
1170 1536 1256 1601 utA
1285 1541 1319 1603 et
1341 1536 1383 1601 B:

264 1655 340 1720 ergo
362 1636 392 1700 D
413 1637 579 1719 praecedit
599 1639 626 1702 E
649 1639 681 1703 in
703 1640 744 1723 F,
768 1641 794 1704 F
817 1660 892 1705 vero
915 1643 948 1704 et
970 1638 994 1703 Ο
1017 1636 1145 1702 diversa
1169 1641 1251 1702 sunt.

348 1738 390 1802 Et
412 1737 438 1803 si
460 1737 599 1806 facerent
614 1740 796 1806 instantiam
813 1740 964 1823 dieentes,
988 1738 1073 1821 quod
1086 1739 1114 1802 F
1129 1739 1273 1820 sequitur
1286 1738 1329 1804 ad
1344 1739 1380 1824 O,

263 1841 325 1907 hoc
348 1847 396 1907 est
417 1841 646 1907 auctoritas
668 1842 711 1907 ad
732 1843 1009 1925 nativitatem,
1038 1846 1071 1905 et
1090 1859 1148 1922 pro
1171 1840 1382 1909 antecedente

214 1957 246 2009 20
265 1944 346 2009 bene
368 1942 500 2008 infertur
522 1963 733 2027 consequens,
756 1949 791 2009 ut
813 1944 930 2008 animal
953 1965 1010 2028 pro
1032 1941 1175 2017 homine;
1199 1941 1271 2008 dico
1295 1942 1383 2024 quod

263 2045 379 2111 falsum
402 2051 464 2111 est:
494 2046 584 2109 multi
616 2045 700 2111 enirn
728 2052 800 2110 sunt
821 2045 960 2129 majores
980 2048 1072 2124 natu,
1102 2044 1156 2125 qui
1184 2065 1249 2110 non
1278 2046 1383 2110 solum

262 2146 296 2211 in
324 2147 511 2213 auctoritate
539 2168 602 2213 non
629 2145 838 2231 praecedunt,
874 2145 932 2212 sed
967 2145 1063 2211 etiam
1095 2145 1331 2230 praeceduntur
1363 2166 1385 2210 a

264 2248 451 2333 minoribus,
491 2255 526 2314 nt
552 2253 655 2333 patet,
696 2248 751 2313 nbi
781 2248 932 2332 Episcopi
960 2253 1032 2313 sunt
1059 2253 1201 2331 tempore
1225 2247 1385 2333 juniores,

307 2399 368 2453 Ἠ.
389 2398 512 2454 Ecclesia
528 2400 677 2469 praecessit

347 2486 376 2538 irc
393 2485 556 2539 auctoritate
572 2484 649 2536 abest
666 2499 683 2536 a
700 2482 732 2535 P.

307 2569 367 2622 ⁸A.
386 2567 419 2621 V.
438 2567 485 2622 Ea
502 2567 553 2621 troc
570 2583 633 2621 cero

348 2653 385 2706 M.
397 2669 460 2706 nam
478 2652 528 2721 qui
543 2651 715 2706 dicuat-A.
727 2650 758 2703 F.
770 2655 796 2705 et

332 2737 406 2792 editt.
442 2752 505 2790 nam
540 2752 600 2791 cam
634 2736 728 2790 (licant
764 2766 794 2774 -

331 2822 479 2876 Nobiscum
495 2820 599 2875 faciunt
616 2820 649 2874 H.
668 2820 699 2873 L.
717 2820 748 2873 P.
763 2819 795 2874 V.

331 2912 358 2962 et
375 2906 499 2960 Ficinns:
521 2904 624 2976 percle
641 2904 730 2974 quello
748 2903 797 2958 ebe

331 2992 430 3046 dicoao

348 3076 379 3129 F.
398 3076 431 3128 H.
450 3075 480 3129 P.
503 3092 564 3131 cam
581 3074 648 3129 Levi
663 3079 690 3128 et
705 3074 797 3129 Jadcs

306 3159 403 3214 ⁹Edd.
425 3159 497 3214 inter
520 3161 573 3214 ista
606 3166 633 3214 et
662 3161 796 3232 repemina

329 3244 505 3314 interponunt
523 3245 591 3310 daco,
613 3245 686 3314 quod
708 3259 795 3313 neque

332 3330 439 3385 codices
449 3330 557 3397 habent,
576 3345 662 3398 neque
675 3329 795 3383 Ficinns.

347 3414 380 3468 V.
396 3431 481 3486 posse
501 3415 625 3469 similiter
654 3426 683 3452 ’-
709 3415 741 3466 Α.
760 3412 795 3470 H.

326 3506 442 3571 possent
457 3503 514 3555 sim.
532 3533 566 3539 -
583 3500 616 3555 F.
630 3501 720 3570 possit
736 3500 794 3552 sim.

330 3586 410 3639 -M
425 3592 521 3656 posset
537 3587 597 3643 sim.
616 3583 688 3653 quod
705 3588 732 3638 et
749 3583 794 3636 Fi·

333 3670 409 3724 cinus
427 3670 554 3725 habuisse
563 3670 675 3724 videtur.
684 3699 715 3707 -
726 3668 795 3721 Edd.

331 3758 397 3808 antt.
410 3771 523 3826 possam
537 3756 594 3808 sim.
605 3751 796 3808 -Nobiscum

331 3837 435 3893 faciunt
451 3839 482 3892 L.
501 3840 531 3894 P.

293 3924 313 3956 ¹¹
331 3923 365 3976 A.
378 3923 420 3977 -Et
437 3924 611 3996 coarpaeaclo
630 3955 661 3964 -
679 3922 709 3975 P.
730 3921 794 3977 Cam

330 4025 390 4080 arp.
409 4039 440 4047 -
452 4009 483 4062 F.
504 4008 569 4063 Cam
587 4012 747 4078 arpamerrto
764 4037 795 4045 -

330 4091 400 4145 Edd.
430 4094 557 4147 omittunt
584 4093 620 4147 Et
647 4109 728 4162 paam
761 4123 795 4129 -

330 4177 458 4231 Nostram
475 4178 615 4233 lectionem
632 4180 742 4230 tuentur
759 4175 793 4229 H.

330 4261 360 4314 L.
379 4260 417 4316 M.
436 4261 469 4318 V.
487 4268 515 4317 et
531 4261 650 4316 Ficinus.

876 2400 896 2432 ¹¹
913 2398 950 2451 M.
968 2397 1035 2451 Levi
1048 2399 1245 2468 praecessit-
1263 2398 1295 2451 F.
1316 2397 1387 2452 Lccr‘

909 2481 1053 2553 praecedit
1068 2481 1170 2536 ladam

874 2568 896 2599 ¹²
912 2566 944 2619 F.
963 2566 1023 2621 alico
1040 2567 1198 2638 simpliciter

875 2652 896 2685 ¹³
913 2650 946 2703 V.
962 2651 1150 2722 praedicatam
1165 2653 1362 2707 constratiom's

930 2737 955 2788 A
976 2736 1007 2790 F.
1026 2736 1059 2790 H.
1071 2737 1102 2790 L.
1117 2737 1146 2790 P.
1157 2737 1188 2790 V.
1205 2743 1233 2790 et
1243 2734 1303 2791 edd.
1315 2742 1385 2790 antt.

915 2853 948 2860 —
975 2823 1090 2893 majoris
1116 2822 1288 2884 extremitas,
1312 2820 1387 2889 qnod

916 2907 1144 2960 consentientibus
1162 2907 1221 2961 cod.
1233 2906 1272 2959 M.
1290 2911 1319 2960 et
1338 2906 1386 2959 Fi-

916 2990 977 3044 cino
996 2991 1058 3044 olim
1076 2991 1258 3059 conjeceram,
1276 2989 1307 3043 in
1324 2996 1385 3044 tex-

915 3078 972 3129 tum
990 3076 1092 3144 recepit
1107 3075 1210 3130 Fratic.

876 3162 897 3195 ¹¹
914 3160 945 3213 F.
962 3165 989 3214 et
1003 3159 1061 3214 edd.
1071 3163 1138 3216 antt.
1149 3160 1175 3214 D
1192 3159 1251 3214 ctO
1265 3159 1387 3215 sehabet

875 3248 894 3279 ¹⁷
912 3245 944 3300 F.
953 3251 979 3300 et
988 3244 1045 3299 edd.
1058 3248 1125 3298 antt.
1134 3244 1277 3314 praecedit
1290 3243 1314 3300 C
1321 3244 1391 3299 inl*

876 3331 897 3364 ¹¹
913 3330 946 3383 A.
964 3331 995 3384 L.
1013 3330 1052 3383 M.
1071 3330 1101 3382 P.
1120 3328 1153 3382 V.
1179 3327 1215 3382 Et
1232 3330 1258 3382 sr'
1272 3329 1386 3398 ferrent

913 3444 947 3454 —
964 3414 996 3467 F.
1017 3413 1052 3468 Et
1069 3415 1095 3467 si
1109 3414 1202 3484 ferent

875 3499 897 3532 ¹⁹
914 3499 944 3551 P.
963 3499 1000 3553 ad
1018 3498 1094 3553 Oest
1111 3497 1245 3552 autoritas

872 3584 896 3617 ¹³
913 3584 945 3637 L.
958 3584 995 3637 M.
1013 3584 1043 3636 P.
1058 3582 1290 3654 praecedentum
1301 3582 1386 3652 Juni-

914 3669 1007 3724 oribus

931 3753 963 3806 L.
981 3753 1094 3819 sibiipsi
1111 3751 1202 3823 Episc.
1221 3754 1285 3804 sant
1302 3780 1338 3789 -
1352 3751 1383 3804 P.

914 3837 962 3892 obi
983 3838 1038 3908 r‘psr'
1059 3843 1122 3891 sant
1145 3859 1186 3876 ν-
1211 3834 1249 3888 Μ.
1274 3839 1305 3887 at
1330 3835 1389 3907 ἐρεῖ

914 3923 1003 3992 Episc.
1021 3928 1086 3975 sucat
1102 3954 1136 3961 —
1152 3921 1184 3975 F.
1203 3918 1335 3975 abissent
1420 3936 1422 3945 ·

931 4006 969 4060 M.
988 4013 1015 4061 et
1027 4007 1096 4061 Edd.
1114 4011 1179 4061 saut
1195 4003 1384 4075 temporaliter

908 4092 1037 4162 juniores
1063 4123 1097 4131 —
1123 4090 1155 4145 F.
1177 4095 1241 4144 saut
1261 4095 1389 4159 tempore

914 4193 1031 4232 mmores
