2940 5040
362 346 494 400 nnn'Tls
512 346 730 401 ulou'ARcfflA
748 348 795 401 ΙΙΙ.
815 347 843 401 C.
866 353 902 401 10.
1132 346 1190 406 119

73 528 157 586 tates
179 519 253 583 illas
272 518 388 584 deinde
411 519 569 585 neminem
591 519 759 586 adsumere
780 541 884 604 posse,
908 522 970 586 nisi
991 522 1032 585 ab
1048 521 1224 589 Ecclesiae

74 621 223 704 recipiat,
248 621 338 703 eujus
361 640 416 686 eas
438 640 509 687 esse
533 622 648 687 dieunt.
687 622 728 686 Et
750 643 790 688 ex
813 624 874 688 hoe
897 623 977 689 bene
999 629 1190 706 sequeretur,

73 723 295 789 auctoritatem
317 743 412 787 unam
435 723 475 787 ab
499 723 563 788 alia
586 722 780 807 dependere,
803 731 838 788 ut
859 724 921 809 ipsi
944 725 1062 790 volunt.

159 824 276 890 Positis
292 830 323 890 et
339 825 450 889 solutis
465 824 561 906 igitur·
572 825 775 909 argumentis,
792 845 875 907 quae
889 825 1012 893 radices
1027 827 1059 891 in
1075 826 1191 892 divinis

73 927 211 1008 eloquiis
234 928 351 993 habere
368 926 565 1009 videbantur,
588 934 708 993 restant
729 949 811 993 nune
832 928 890 993 illa
912 928 1060 1011 ponenda
1082 935 1113 994 et
1129 930 1190 994 sol-

74 1029 190 1111 venda,
214 1049 296 1110 quae
317 1028 464 1111 ingestis
480 1029 631 1094 Romanis
654 1035 685 1095 et
705 1030 826 1097 ratione
841 1031 980 1095 humana
1001 1030 1190 1096 radicantur.
1213 1049 1243 1099 10

74 1131 124 1196 Ex
148 1130 262 1211 quibus
290 1131 425 1216 primum
454 1137 517 1213 est,
548 1130 633 1212 quod
654 1131 882 1214 praemittitur,
913 1131 998 1213 quod
1027 1132 1073 1196 sie
1094 1132 1190 1215 sylle-

73 1236 194 1317 gizant:
218 1235 265 1297 Ea
288 1253 370 1314 quae
392 1239 465 1298 sunt
479 1233 651 1316 Ecclesiae,
674 1253 767 1300 neme
790 1232 831 1300 de
848 1233 922 1317 jure
937 1234 1055 1300 habere
1076 1240 1190 1319 potest,

73 1337 136 1402 nisi
158 1337 199 1401 ab
221 1334 380 1418 Ecclesia3
411 1341 443 1400 et
466 1340 525 1400 hoe
548 1329 738 1400 'conceditur
783 1336 960 1400 Romanum
981 1336 1121 1417 regimen
1144 1340 1193 1402 est

74 1439 252 1520 Eeelesiae;
278 1456 353 1518 ergo
376 1437 480 1520 ipsum
503 1457 595 1503 nemo
619 1436 659 1502 de
684 1436 758 1520 jure
780 1438 899 1504 habere
920 1442 1041 1522 potest,
1067 1436 1129 1501 nisi
1150 1437 1191 1501 ab

75 1540 228 1607 Eeelesia.
273 1540 313 1603 Et
336 1539 489 1605 minorem
511 1539 646 1623 probant
675 1559 732 1623 per
758 1559 797 1604 ea
819 1559 901 1621 quae
924 1540 963 1606 de
986 1538 1241 1604 Constantin015

74 1643 218 1728 superius
240 1648 326 1706 taeta
348 1646 429 1706 sunt.
788 1650 792 1659 ’

119 1792 229 1846 ⁵Editt.
249 1793 311 1845 illus
327 1790 442 1862 pestlrue
460 1791 590 1844 nemiuem
703 1790 763 1843 ⁹·A.
782 1791 819 1844 M.
839 1791 870 1843 V.
889 1797 975 1844 restat
998 1807 1070 1845 aune
1088 1791 1135 1845 itta
1160 1820 1193 1829 -u

118 1878 176 1930 ⁶F.
195 1879 249 1931 uisi
264 1877 298 1931 ab
318 1876 391 1930 Eccl.
409 1877 490 1945 erq'us
726 1875 758 1927 F.
775 1881 879 1929 restant
896 1875 975 1928 medo
994 1875 1041 1929 illa

158 1965 190 2016 Α.
208 1963 239 2018 F.
260 1962 307 2016 Ex
325 1961 377 2016 lree
394 1962 459 2015 berte
475 1992 510 1999 -
527 1960 563 2014 M.
577 1960 608 2014 P.
690 1962 710 1992 ¹⁰
727 1960 761 2011 A.
781 1959 813 2013 F.
832 1959 866 2012 H.
884 1959 913 2012 P.
935 1959 966 2012 V.
986 1964 1012 2013 et
1030 1958 1104 2014 editt.
1124 1961 1192 2012 antt.

142 2047 179 2101 Er
192 2047 243 2102 lrec
262 2047 409 2102 bene—V.
423 2047 467 2100 Act
483 2038 616 2100 lroeberre¹
727 2046 754 2099 iu
772 2045 855 2114 qestr's
878 2042 1004 2098 lurmerris
1029 2073 1062 2082 -
1088 2043 1192 2097 Adver-

158 2133 195 2186 M.
214 2134 337 2202 sequitur
727 2135 822 2182 santur
840 2128 936 2196 reliqui
954 2127 1030 2182 codd.
1043 2135 1070 2183 et
1081 2128 1192 2183 Fieinus
1269 2125 1272 2132 '

118 2220 127 2250 ⁷
146 2217 185 2270 M.
204 2219 392 2271 auctoritatem
416 2215 490 2270 illem
509 2216 542 2270 ab
561 2214 592 2268 ill
690 2216 707 2245 ¹¹
727 2213 758 2266 F.
778 2214 854 2284 quod
869 2215 910 2267 sie
922 2214 1108 2285 praemittitur

142 2301 255 2372 depeud.
267 2301 341 2353 —F.
352 2300 498 2354 nonhabet
516 2304 608 2354 artete—
689 2298 710 2330 ¹²
726 2297 816 2352 Verba
826 2298 860 2351 de
871 2299 940 2369 jure
948 2298 1085 2353 exulanta
1096 2297 1190 2352 cour.

141 2389 247 2441 ritatem
688 2383 709 2415 ¹³
725 2383 756 2436 F.
775 2383 808 2439 L.
826 2384 864 2437 M.
883 2382 1035 2438 Romanum
1052 2398 1167 2453 requam

119 2475 129 2505 ⁸
146 2473 231 2526 Editt.
246 2470 349 2525 Positis
367 2470 452 2540 iqitur·
469 2474 494 2522 et
511 2468 608 2522 solutis
688 2467 709 2499 ¹⁶
726 2467 758 2519 Α.
777 2468 904 2538 superius
922 2472 1038 2522 tractate
1055 2473 1119 2521 sunt

141 2557 215 2610 —F.
232 2556 294 2611 Pes.
314 2572 379 2626 erqo
398 2560 424 2608 et
440 2555 488 2608 sol.
508 2551 606 2607 omisso

141 2634 309 2715 arqumer'rtis

73 2783 167 2835 finium
184 2785 270 2847 etep.
282 2780 390 2830 52-58.
422 2775 501 2828 Hanc
519 2773 600 2826 etiarn
618 2771 744 2829 fabulam.
763 2789 823 2827 eum
833 2773 1000 2894 sinchronis,
1019 2788 1088 2842 quae
1101 2787 1194 2827 revera

73 2850 148 2904 faeta
165 2850 244 2902 erant
260 2845 371 2900 reddere
391 2842 503 2897 eredidit
521 2841 632 2896 Dentes.
669 2839 709 2893 ef.
729 2840 779 2894 Inf.
799 2841 837 2893 XI
866 2883 871 2894 .
912 2847 948 2895 15.

312 2945 366 3000 Aur·
384 2944 554 3009 Constantia,
573 2943 603 2997 cu·
619 2949 722 3013 quanto
740 2943 797 2996 mel
810 2943 846 3012 fu
864 2949 962 3003 matre,

363 3013 426 3067 Nea
445 3013 472 3066 la
490 3019 537 3065 tua
554 3012 726 3073 conversan,
744 3027 788 3064 ma
806 3011 897 3081 quella
915 3010 977 3064 dete

364 3081 417 3136 eue
434 3080 470 3134 da
488 3088 513 3134 te
527 3094 609 3150 prese
626 3078 648 3133 il
658 3079 751 3150 primo
769 3081 843 3134 ricco
859 3083 955 3150 patre!

76 3173 184 3240 Purgat.
201 3168 314 3223 XXXII.
336 3171 391 3220 124.

313 3269 426 3330 Pescia,
439 3283 493 3338 per
511 3266 570 3321 iudi
586 3265 646 3320 eud
665 3281 713 3319 era
727 3265 793 3334 pria
811 3270 921 3329 venula,

363 3336 411 3390 L’u
432 3335 488 3388 uile
506 3335 562 3389 vidi
577 3333 690 3389 scendet·
727 3334 755 3388 r'r'c
772 3333 833 3387 rrell'
852 3350 918 3386 arca

364 3352 527 3470 medeare,
545 3420 560 3457 e
579 3403 679 3456 lasciar
707 3403 733 3456 ei
748 3401 779 3455 ui
793 3402 821 3455 se
835 3407 967 3472 permuta.

312 3524 338 3579 E
354 3524 421 3595 qual
437 3538 495 3576 esee
513 3521 543 3575 di
559 3537 607 3575 eor
623 3519 673 3575 elue
689 3521 715 3574 st
730 3536 897 3583 rummareu,

366 3591 416 3646 Tat
432 3606 497 3644 uoce
514 3587 571 3643 ueri
590 3588 637 3642 dal
653 3588 734 3654 ciete,
753 3605 767 3642 e
784 3589 859 3643 eolat
875 3588 958 3641 disse:

365 3660 386 3715 O
405 3656 537 3713 rrauteella
555 3657 621 3722 mia,
639 3658 705 3711 eom*
723 3656 835 3710 mulsei
851 3659 948 3710 cerea!

76 3764 173 3820 Parad.
191 3763 249 3817 XX.
269 3767 310 3816 55.
328 3761 379 3827 (uf.
399 3775 482 3828 snpra
499 3757 546 3811 lib.
564 3758 600 3813 II.
623 3773 683 3827 cap.
705 3762 754 3821 12.)
832 3800 836 3806 .

315 3862 418 3917 L'altro
437 3859 485 3915 ede
501 3876 599 3931 seque,
617 3877 667 3915 corr
687 3859 711 3914 le
730 3860 804 3930 teqqi
820 3875 835 3912 e
852 3874 939 3921 mero,

366 3929 443 3984 Sotte
463 3929 552 3984 huone
570 3929 708 3982 intenzion
725 3927 774 3981 ede
791 3927 829 3996 fe’
847 3926 903 3980 met
917 3926 1020 3995 fratte,

366 3998 420 4051 Per·
437 3997 531 4052 cedere
548 3997 579 4050 al
588 4002 702 4068 paster,
720 3997 745 4049 si
759 3995 821 4063 fece
841 3994 933 4048 Gre00.

317 4117 373 4172 Ora
390 4131 514 4176 corrosae,
532 4131 607 4171 cume
624 4114 646 4169 il
662 4114 728 4176 mal,
747 4112 856 4167 deducto

366 4184 422 4239 Dat
437 4200 487 4238 suo
506 4184 571 4239 bene
589 4198 700 4262 operar,
722 4197 776 4235 uon
793 4181 835 4262 qli
850 4182 864 4235 e
881 4181 991 4261 nocivo,

365 4254 491 4324 dureque
509 4251 616 4306 etesia
634 4249 656 4303 tl
672 4249 769 4303 mondo
788 4249 846 4303 radi
862 4249 997 4303 deseruero.
