2940 5040
465 337 599 393 DANTIS
618 338 836 395 MONARCHIA
852 341 900 395 111.

147 974 192 1049 IN
214 984 353 1050 CALCE
376 985 492 1052 LIBRI
512 987 745 1055 ADJICIUNT
763 987 959 1069 CODICES,
983 987 1039 1052 ΕΤ
1061 990 1230 1070 QUIDEM

207 1137 245 1203 A.
270 1137 477 1222 „Explicit-
498 1134 734 1205 monarchia
764 1140 956 1222 alligerii
980 1141 1243 1207 celeberrimi

292 1244 413 1324 poete
434 1241 681 1308 t'lorentini.“

208 1341 244 1406 F.
268 1341 431 1426 „Explicit
457 1343 643 1409 Monarchie
671 1345 786 1412 Dantis
814 1345 973 1429 Aldigerii
1001 1345 1172 1411 Christiani
1200 1346 1242 1412 de

292 1443 485 1510 Florentia.“

206 1542 240 1597 H.
346 1542 386 1607 „0
404 1559 452 1597 rex
470 1560 487 1598 o
505 1545 608 1599 summi.
628 1549 658 1598 tu
676 1546 807 1615 principis
824 1546 904 1600 unice
924 1547 971 1600 fili.

346 1628 461 1698 Respice
477 1628 603 1696 gratuite.
622 1630 805 1684 monarchiam
824 1637 904 1699 atque
922 1631 1105 1686 monarcham.

344 1712 481 1766 Summum
498 1713 558 1768 dico
575 1715 735 1782 praesulem.
755 1730 980 1783 romanorumque
997 1715 1197 1785 Imperatorem.

343 1798 384 1850 Ac
402 1797 480 1851 simul
497 1798 633 1853 lectorem.
653 1799 785 1853 albertum
803 1800 909 1853 nomine
927 1799 1034 1854 dictum.

342 1881 443 1937 Ultimo
462 1883 629 1952 scriptorem.
648 1883 786 1937 henricum
805 1884 894 1951 operis
912 1883 1002 1953 hujus.

342 1967 392 2021 Cui
409 1983 459 2037 pro
478 1967 598 2022 mercede
617 1968 664 2023 des
682 1973 772 2021 tecum
788 1967 887 2035 gaudia
905 1975 992 2023 vere.“

206 2052 241 2118 L.
265 2053 384 2136 „Finis
419 2054 596 2120 Clarissimi
617 2057 715 2120 Poete
736 2055 851 2120 Dantis
879 2055 1044 2137 Alingheri
1065 2054 1243 2122 Florentini

292 2175 414 2220 summa
435 2157 637 2240 Monarchie,
659 2155 823 2240 explicit.“

205 2257 247 2321 M.
271 2258 363 2339 „Deo
385 2259 513 2339 gratias.
558 2259 714 2325 Antonius
741 2256 925 2324 Sinibaldus
952 2257 1135 2325 florentinus
1163 2256 1240 2324 fide-

291 2358 364 2424 liter
392 2361 604 2446 transcripsit,
621 2359 664 2425 ad
692 2359 875 2425 instantiam
903 2360 981 2425 Neri
1010 2359 1050 2428 de
1079 2359 1241 2445 Capponis

291 2460 503 2542 Negociatorc
526 2460 741 2528 Clarissimo.“

206 2563 240 2627 P.
264 2563 400 2645 „Dantis
416 2563 569 2644 Allegerii
584 2563 761 2629 Florentini
776 2565 960 2631 Monarchie
982 2566 1064 2630 liber
1078 2560 1242 2649 explicit.“

207 2663 241 2729 V.
265 2663 428 2749 „Explicit
449 2665 633 2730 monarchia
655 2662 761 2730 dantis
784 2666 930 2751 alicherij
954 2668 995 2732 de
1016 2663 1192 2732 florentia.“
