2940 5040
274 296 408 353 DANTIS
425 296 643 352 MONAROHIA
660 298 681 352 l.
700 297 729 352 G.
746 303 770 354 9.
789 302 850 365 (11),
870 303 909 352 10.
927 300 990 365 (12).
1151 297 1189 358 15

69 491 277 554 consequens,
300 469 439 536 maxime
456 475 507 535 est
521 470 694 536 secundum
710 468 851 535 divinam
864 471 1081 557 intentionem,
1105 470 1191 555 quod

69 579 118 642 est
139 575 223 640 bene
246 577 278 639 et
300 573 419 657 optime
441 592 476 639 se
498 572 633 656 habere,
655 577 690 636 ut
712 572 745 636 in
765 573 920 657 principio
942 572 1036 639 huius
1059 576 1191 661 capituli

70 681 118 746 est
139 676 318 762 probatum.

478 823 601 913 [CAPUT
622 847 670 893 1³1·
694 825 783 914 (x1.)]

154 967 235 1031 Item
256 964 339 1030 bene
363 969 393 1030 et
411 963 531 1048 optime
546 983 581 1030 se
595 963 693 1030 habet
707 964 810 1031 omnis
824 963 916 1047 filius,
940 983 1036 1046 quum
1051 965 1190 1046 vestigia

69 1067 202 1155 perfecti
223 1065 334 1152 patris,
356 1065 389 1129 in
411 1071 563 1146 quantum
583 1065 713 1150 proprio
727 1072 840 1131 natura
853 1065 1016 1149 permittit,
1039 1065 1188 1132 imitatur.

70 1172 252 1237 Humanum
273 1185 373 1249 genus
395 1165 479 1232 filius
501 1172 549 1235 est
570 1167 667 1252 coeli,
695 1167 781 1250 quod
802 1172 851 1235 cst
871 1167 1134 1251 perfectissimum
1155 1168 1190 1233 in

70 1273 155 1343 omni
178 1289 367 1356 operosum
397 1272 526 1351 generat
549 1268 632 1334 enim
654 1267 748 1335 homo
771 1269 930 1336 hominem
953 1276 984 1336 et
1006 1271 1070 1353 sol,
1094 1270 1189 1354 juxta

70 1373 243 1444 seeundum
266 1370 306 1438 dc
328 1369 466 1436 naturali
487 1369 607 1436 auditu.
650 1370 735 1453 Ergo
762 1370 881 1456 optime
903 1371 1057 1439 sehabet
1079 1372 1222 1437 humes

69 1498 144 1544 num
166 1494 276 1558 genus,
300 1493 396 1556 quum
418 1471 556 1553 vestigia
578 1472 668 1556 ooeli,
698 1473 732 1537 in
753 1477 904 1555 quantum
926 1474 1055 1559 propria
1076 1478 1190 1538 natura

69 1576 241 1665 permittit,
274 1565 425 1640 imitatur.
474 1573 517 1638 Et
549 1593 646 1656 quum
678 1574 801 1642 coelum
833 1580 934 1643 totum
967 1576 1059 1642 unico
1092 1580 1189 1659 motu,

69 1681 193 1749 scilicet
213 1677 308 1763 primi
329 1675 466 1759 mobilis,
489 1680 522 1742 et
543 1675 635 1742 unico
658 1680 788 1760 motore,
812 1677 866 1759 qui
881 1678 969 1744 Deus
987 1685 1044 1762 est,
1067 1678 1189 1760 regule·

69 1789 118 1850 tur
140 1783 175 1847 in
198 1779 345 1848 omnibus
367 1777 433 1844 suis
453 1777 608 1861 partibus,
630 1777 769 1844 motibus
786 1783 817 1848 et
832 1781 1015 1864 motoribus,
1039 1786 1073 1844 ut
1087 1779 1189 1865 philo

69 1881 236 1972 sophando
265 1878 502 1949 evidentissime
530 1879 668 1943 humana
695 1880 777 1947 ratio
804 1880 1027 1965 deprehendit;
1057 1880 1085 1946 si
1112 1901 1189 1947 vere
1210 1891 1240 1942 10

70 1985 294 2074 syllogizatum
327 1988 390 2066 est,
421 1983 593 2047 humanum
625 1999 726 2062 genus
757 1986 831 2048 tuno
864 1982 982 2065 optime
1014 2002 1050 2050 se
1082 1982 1188 2066 habet,

70 2086 199 2172 quando
214 2087 256 2151 ab
271 2085 364 2152 unico
379 2083 527 2166 Principe
541 2087 694 2164 tanquam
711 2084 753 2148 ab
774 2084 866 2150 unico
889 2089 1019 2167 motore,
1043 2090 1075 2151 et
1096 2083 1190 2150 unica

69 2192 157 2273 lege,
181 2193 333 2270 tanquam
355 2187 396 2252 ab
413 2184 505 2250 unico
529 2189 631 2268 motu,
660 2184 693 2248 in
715 2185 781 2250 suis
802 2186 975 2254 motoribus
998 2190 1030 2253 et
1051 2185 1189 2253 motibus

69 2293 239 2374 reguletur.
283 2291 417 2372 Propter
439 2284 525 2368 quod
545 2286 759 2353 necessarium
781 2292 923 2372 apparet,
950 2288 993 2354 ad
1014 2289 1096 2355 bene
1120 2308 1189 2356 esse

71 2393 189 2477 mundi,
211 2389 429 2458 Monarchiam
451 2407 531 2472 esse,
554 2389 622 2455 sive
644 2388 770 2454 unicum
792 2389 1023 2475 Principatum,
1051 2390 1104 2472 qui
1126 2391 1187 2455 lm·
1208 2404 1238 2454 15

71 2497 194 2580 perium
215 2492 404 2579 appellatur.
433 2489 525 2555 Hane
539 2490 693 2557 rationem
709 2491 889 2576 suspirabat
902 2492 1041 2576 Boetius,
1065 2491 1187 2559 dicens:

428 2605 450 2661 O
468 2606 533 2662 felix
550 2607 686 2662 hominum
703 2623 797 2674 genus,

428 2692 457 2746 Si
474 2696 577 2746 vestros
595 2691 698 2747 animos
716 2707 800 2758 amor,

428 2775 486 2843 Quo
506 2777 609 2831 coelum
625 2776 733 2844 regitur,
751 2777 839 2845 regat!

482 2945 604 3034 [CAPUT
625 2967 660 3014 X·
684 2945 785 3034 (fflll

155 3084 355 3164 Ubicumque
376 3087 482 3167 potest
504 3102 573 3149 esse
595 3082 741 3166 litigium,
763 3083 809 3149 ibi
825 3083 921 3149 dehet
935 3103 1005 3152 esse
1020 3085 1186 3172 iudicium;

73 3187 164 3255 aliter
192 3190 278 3253 esset
303 3183 521 3268 imperfectum
555 3185 623 3251 sine
650 3184 778 3270 proprio
806 3185 996 3270 perfective,
1026 3184 1112 3268 quod
1141 3189 1189 3253 est

74 3321 135 3391 Cep.
152 3321 200 3376 IX.
240 3321 246 3352 ¹
265 3318 298 3371 F.
315 3316 362 3372 Ito
380 3317 445 3372 hene
462 3327 487 3372 ec
504 3319 604 3389 optime
681 3320 699 3352 ¹¹
719 3316 827 3373 Rhum.
833 3323 989 3389 penustuuc
998 3320 1099 3375 temese
1108 3318 1189 3376 hehet

154 3407 188 3461 V.
206 3407 234 3459 et
250 3402 309 3458 edd.
335 3402 441 3457 inverso
465 3402 558 3458 ordine
575 3419 604 3457 se
681 3405 702 3438 ¹²
720 3404 752 3459 V.
771 3404 879 3474 quoodo
897 3404 931 3459 oh
949 3420 1004 3459 uuo
1016 3405 1146 3476 principe

138 3489 218 3545 hahet
234 3495 261 3544 et
278 3488 378 3559 optime
681 3489 701 3521 ¹¹
717 3489 756 3543 M.
774 3490 807 3543 V.
826 3494 852 3544 et
869 3490 983 3545 motibus
999 3490 1143 3559 reputatur

105 3575 164 3628 Ὗ.
189 3575 269 3629 iuxta
293 3570 487 3644 Philosophum
511 3603 543 3613 -
565 3573 602 3627 M.
680 3575 702 3607 ¹⁶
718 3574 755 3628 Μ.
773 3573 962 3630 sciscitabatur
979 3573 1095 3629 Boetius

138 3660 219 3714 iuxta
241 3657 387 3713 secuudum
410 3655 603 3729 Philosophum
681 3660 701 3691 ¹⁸
717 3659 751 3713 V.
770 3658 803 3714 Si
818 3665 924 3714 nostros
942 3660 1047 3714 cuimos
1149 3658 1156 3679 ¹

105 3741 604 3815 tuM.-F.H.L.P.V.msuqo
655 3741 720 3813 Cap.
736 3744 771 3797 X.
811 3743 1187 3799 ¹L.P.—A.F.H.M.V.

138 3827 207 3884 coeli
223 3833 354 3897 quantum
722 3833 750 3884 et
767 3829 826 3883 edd.
845 3834 901 3884 ant.
918 3832 955 3883 m
970 3828 1132 3899 ubicumque

97 3914 118 3947 ¹⁰
134 3912 165 3966 F.
184 3911 303 3968 humano
320 3916 391 3969 cotio
409 3911 590 3986 apprehendit
594 3930 605 3976 ;
690 3914 702 3946 ¹
718 3915 750 3967 A.
769 3914 800 3966 F.
818 3914 856 3967 M.
874 3914 905 3967 P.
916 3914 990 3967 -Β,
1010 3918 1037 3968 et
1053 3913 1114 3968 edd.
1132 3916 1188 3969 ant.

138 4000 243 4054 sivero
612 4023 614 4026 ·
723 4000 781 4052 siue
797 4001 911 4070 proprio
924 3998 1053 4070 perfecto

229 4116 286 4171 lx.
324 4119 334 4151 ⁵
350 4117 382 4172 Id
399 4123 440 4172 est
447 4116 577 4171 librorum
595 4119 713 4179 φυσικῆς
731 4113 886 4184 ἀκροάσεως
902 4117 1098 4198 (Physioorum)
1110 4117 1145 4171 II.
1163 4121 1188 4173 2.

72 4183 99 4239 in
115 4115 269 4239 lcalhcrsio
292 4189 383 4240 retus:
409 4186 512 4252 „Homo
535 4183 668 4238 hominem
685 4191 795 4253 generat
813 4201 845 4240 ex
863 4190 976 4240 matema
993 4191 1020 4240 et
1038 4186 1104 4240 sol.“

73 4252 140 4308 ¹(it.
159 4256 302 4308 Aucnoms
319 4255 370 4308 Int.
388 4254 434 4308 XI.
456 4259 511 4308 103.
583 4254 603 4286 ¹¹
621 4252 663 4307 De
681 4254 810 4307 consolat.
829 4253 926 4322 philos.
944 4253 978 4308 11.
997 4254 1077 4308 Metr.
1097 4258 1120 4308 8.
