2940 5040
427 335 562 391 DANTlS
578 335 797 391 MONARCHIA
813 335 848 389 Il.
867 335 896 390 C.
913 341 937 390 9.
958 340 996 389 10.
1230 334 1268 395 73

236 506 290 572 Ex
313 506 428 589 quibus
450 508 596 574 omnibus
618 507 819 575 manifestum
842 513 900 591 est,
924 506 1010 590 quod
1031 507 1192 574 Romanus
1213 531 1268 594 po·
1288 519 1320 570 so

150 608 245 695 polus
268 609 389 675 cunctis
410 608 668 677 athletizantibus
696 630 754 694 pro
783 609 922 694 Imperio
944 608 1054 675 mundi
1075 612 1271 693 praevaluit:

151 729 226 792 ergo
260 709 300 777 de
336 709 444 778 divino
474 709 597 794 judicio
629 710 825 795 praevaluit,
859 716 891 776 et
919 730 977 794 per
1005 731 1201 795 consequens
1230 713 1271 779 de

152 811 261 882 divino
280 810 403 896 jndicio
427 812 577 897 obb'nuit,
601 812 686 895 quod
705 817 757 879 est
778 811 819 879 de
838 811 913 896 jure
936 811 1118 882 obtinuisse.
1165 842 1168 852 ·

617 1019 739 1093 [escun
760 1018 806 1095 x.]

236 1153 278 1217 nt
295 1151 380 1234 quod
394 1172 452 1236 per
467 1151 609 1218 duellum
624 1148 811 1234 adquiritur,
835 1150 875 1218 de
886 1152 959 1236 jure
974 1152 1161 1234 adquiritur.
1188 1154 1272 1220 Nam

150 1256 341 1336 ubicumque
366 1255 537 1319 humanum
555 1251 712 1337 judicium
735 1252 856 1336 deficit,
886 1253 939 1318 vel
966 1253 1164 1335 ignorantiae
1185 1263 1270 1323 tene

152 1357 217 1423 bris
238 1356 433 1439 involutum,
463 1356 515 1421 vel
537 1362 669 1439 propter
688 1355 884 1440 praesidium
908 1355 1027 1440 judicis
1048 1375 1112 1422 non
1134 1354 1268 1441 habere,

150 1480 191 1526 ne
209 1456 336 1542 justitia
351 1456 505 1524 derelicta
526 1461 697 1540 remaneat,
719 1457 943 1523 recurrendum
966 1455 1072 1523 estad
1093 1457 1197 1541 lllum,
1217 1458 1271 1541 qui

150 1566 273 1625 tantum
296 1579 366 1626 eam
389 1557 511 1640 dilexit,
536 1563 570 1622 ut
592 1557 679 1640 quod
700 1558 772 1642 ipsa
793 1559 953 1642 exigebat,
986 1558 1026 1624 de
1048 1560 1176 1643 proprio
1199 1579 1268 1624 san·
1288 1570 1302 1619 5

150 1662 245 1744 guine
275 1661 345 1744 ipse
374 1658 537 1726 moriendo
566 1659 737 1744 supplevit.
788 1659 883 1727 Unde
911 1661 1107 1726 Psalmus:
1141 1661 1272 1744 „Justus

150 1766 307 1833 Dominus
321 1770 354 1829 et
373 1761 518 1847 justitias
540 1759 684 1827 dilexit.“
720 1760 791 1827 Hoc
805 1765 912 1827 autem
926 1760 971 1845 fit,
995 1781 1091 1844 quum
1107 1761 1147 1829 de
1169 1762 1270 1830 libero

150 1868 288 1934 adsensu
309 1864 544 1950 partiumnon
566 1861 649 1944 odio,
678 1861 735 1929 sed
758 1883 866 1929 amore
883 1863 1044 1946 justitiae,
1073 1884 1131 1948 per
1158 1865 1273 1930 virium

150 1975 217 2034 tarn
239 1967 336 2032 animi
360 1985 455 2049 quam
479 1964 620 2050 corporis
636 1971 777 2030 mutuam
792 1964 998 2047 collisionem,
1023 1964 1166 2031 divinum
1184 1964 1269 2049 judi-

151 2071 234 2137 cium
256 2069 443 2154 postulatur.
488 2066 591 2145 Quam
621 2065 749 2147 quidem
778 2065 991 2149 collisionem,
1021 2066 1096 2148 quia
1124 2067 1270 2151 primitus
1291 2081 1321 2131 10

151 2172 244 2239 unius
266 2170 310 2237 ad
332 2190 428 2235 unum
449 2167 509 2233 fuit
530 2168 603 2252 ipsa
624 2167 771 2251 inventa,
794 2167 936 2233 duellum
958 2168 1168 2251 appellamus.

237 2273 303 2341 Sed
325 2291 452 2355 semper
473 2268 650 2335 cavendum
672 2274 735 2353 est,
759 2275 808 2353 ut,
832 2267 1100 2352 quemadmodum
1121 2270 1155 2335 in
1176 2270 1271 2337 robus

151 2376 276 2443 bellicis
298 2374 385 2459 prius
408 2371 514 2437 omnia
535 2370 688 2436 tentanda
709 2377 781 2436 sunt
802 2391 861 2456 per
875 2370 1140 2456 disceptationem
1163 2391 1270 2455 quam-

152 2479 235 2560 dam,
259 2483 291 2543 et
312 2475 458 2541 ultimum
480 2493 538 2557 per
555 2472 711 2558 proelium
734 2472 948 2539 dimicandum
973 2478 1029 2557 est,
1052 2478 1087 2537 ut
1108 2473 1271 2539 Tullius

151 2586 182 2646 et
204 2577 399 2659 Vegetius
422 2573 620 2642 concorditer
632 2574 840 2661 praecipiunt,
864 2575 916 2641 hic
937 2575 970 2640 in
985 2576 1031 2641 Re
1049 2574 1189 2658 militari,
1211 2575 1269 2642 illc
1291 2592 1320 2643 15

178 2750 202 2782 ⁸²
218 2748 256 2802 M.
275 2762 341 2816 erpo
359 2745 450 2799 divino
462 2743 572 2814 judicio
822 2741 857 2798 A.
881 2742 954 2798 Unde
970 2741 1051 2813 fotor
1069 2742 1215 2798 Ibolmista

236 2832 267 2886 F.
291 2831 326 2885 ab
344 2845 397 2883 uno
422 2827 457 2882 ad
474 2827 589 2882 alterum
601 2843 686 2898 pruc-
780 2827 791 2859 ⁷
809 2826 947 2896 Copulam,
959 2827 1271 2896 quuehabeturintcxtu

219 2917 304 2972 caluit
320 2913 435 2984 prosilit.
805 2928 882 2969 sacro
902 2918 928 2966 et
945 2913 973 2966 in
984 2912 1106 2968 omnibus
1118 2912 1196 2968 codd.
1215 2927 1270 2967 ma·

236 3003 311 3056 Frat.
330 2998 440 3070 judicio
453 2996 621 3068 praevoluit,
632 3012 686 3066 per
804 2995 966 3065 nnscriptis,
1016 3004 1124 3069 praeter
1168 2998 1269 3064 Ambr,

218 3102 291 3144 cous.
325 3132 328 3145 .
805 3081 931 3136 omittunt
949 3081 1022 3138 editt.

152 3174 217 3244 Cep.
236 3172 270 3226 X.
306 3170 350 3234 ³,i
368 3168 401 3221 H.
413 3166 528 3238 judicis,
547 3165 622 3236 quod
640 3164 688 3220 ba·
823 3166 855 3217 A.
874 3166 911 3220 M.
924 3167 1062 3237 justitiam

219 3257 277 3312 beri
293 3254 395 3323 aequit,
409 3253 522 3324 justitio
782 3249 792 3281 ⁸
809 3249 841 3302 F.
859 3250 944 3305 libero
962 3269 1094 3307 consensu

194 3341 254 3399 ⁴V.
267 3340 381 3413 justitia
398 3353 452 3391 nou
476 3341 584 3390 mancat
606 3333 688 3389 derel.
783 3333 802 3398 ⁹,
824 3336 845 3368 ¹⁰
870 3335 908 3387 Μ.
938 3336 1065 3391 diurnum
1085 3337 1151 3409 jud.
1177 3367 1210 3378 -
1239 3338 1270 3391 F.

220 3457 251 3465 —
271 3426 303 3478 F.
322 3424 438 3494 ocjust.
457 3421 665 3475 demissionem
806 3420 888 3474 divin.
907 3422 1041 3476 auxilium

194 3512 255 3564 ⁶A.
273 3510 307 3564 H.
326 3509 358 3562 L.
376 3508 410 3562 V.
437 3537 472 3546 —
497 3505 527 3558 P.
551 3506 686 3578 sartouine
764 3504 787 3538 ¹³
803 3505 835 3558 F.
855 3507 945 3560 omnia
963 3505 1108 3562 tractanda

218 3609 267 3647 suo
286 3607 352 3644 mor.
369 3590 459 3662 suppl.
490 3621 523 3629 -
552 3589 584 3643 F.
602 3590 640 3644 M.
658 3594 686 3644 et
765 3591 786 3622 ¹⁴
803 3590 840 3644 M.
859 3598 885 3644 ct
903 3590 996 3646 ultimo

219 3677 292 3732 editt.
301 3677 435 3747 sanquine
444 3674 583 3729 moriendo
592 3675 683 3746 suppl.
820 3676 852 3729 ln
869 3674 902 3729 V.
922 3674 996 3730 deest
1007 3674 1141 3747 per—in
1154 3674 1184 3730 P.
1196 3674 1270 3728 deest

218 3792 251 3803 -
268 3762 300 3815 F.
318 3777 414 3832 scorpio.
435 3761 492 3832 ipsc
511 3759 651 3831 complevit
800 3777 854 3832 per
866 3761 1004 3832 proelium

218 3915 292 3983 Cap.
309 3913 350 3970 X.
389 3916 396 3947 ¹
415 3912 455 3967 df.
473 3915 685 3967 Enennnnrrum
702 3913 915 3967 Announsusnn
931 3912 971 3966 De
991 3915 1052 3966 ortu
1072 3914 1099 3965 et
1115 3909 1175 3990 .fi.¹¹‘l
1190 3910 1268 3992 Rom.

148 3986 212 4108 ltp·
223 3999 281 4105 cal·
294 3988 339 4106 tl
348 3981 498 4104 sabuti
511 3981 698 4103 lb‘tttl
712 3979 1270 4117 tlbdtbbtlttiitltstitit

148 4058 299 4202 Prddddlper
314 4066 729 4198 justitiambellicam3plquiaille
742 4133 832 4198 regna,
851 4133 919 4185 quae
934 4118 1009 4186 justo
1018 4117 1088 4171 bello
1101 4115 1205 4170 devicta
1219 4089 1270 4170 sibi

149 4191 273 4259 subjec1t‚
281 4189 355 4257 juste
365 4187 416 4241 sub
425 4202 509 4255 tpsrus
518 4201 630 4254 imperto
643 4192 670 4239 et
685 4185 801 4240 domimo
817 4189 1050 4255 permanserunt.“
1120 4186 1130 4218 ⁶
1148 4184 1268 4238 Psalm.

151 4264 191 4315 11.
206 4257 321 4325 (Cathol.
342 4260 392 4320 ill.)
411 4272 435 4308 v.
455 4260 478 4308 i.
553 4257 573 4288 ¹⁵
590 4253 732 4309 Vnsnrros
750 4254 792 4308 De
809 4269 839 4308 re
856 4253 931 4308 milit.
950 4255 1080 4323 Prologus
1097 4252 1160 4308 libri
1176 4252 1273 4319 illut
