2940 5040
151 351 202 405 LII
572 344 855 404 PROLEGOMENA.

206 521 371 595 Gioennni
389 522 495 594 XXII.
548 522 579 594 Ε
604 522 638 594 io
666 522 800 616 cacione
826 545 867 592 ne
893 523 932 618 fn
947 521 1140 617 perciorche'
1160 521 1271 594 Ledo.

203 650 274 722 cieo
316 651 401 722 dccc
442 652 478 722 di
510 651 672 735 Bnoiero,
715 648 806 744 docti
838 648 983 719 Elettori
1019 647 1107 720 dello
1150 650 1272 744 Moeno

203 777 302 850 eietto
329 778 363 848 in
389 777 437 849 Re
465 777 514 849 de’
542 777 691 860 Romoni,
719 776 864 847 oenendo
888 799 952 872 per
978 776 1012 846 lc
1039 802 1100 848 sno
1127 802 1271 849 corono-

203 905 297 975 zione
316 930 336 975 o
354 905 467 991 Rome,
487 903 591 977 contr'
611 902 645 973 oi
659 903 794 998 piccere
813 902 868 973 del
890 903 978 973 detto
989 902 1082 998 Popo
1097 900 1272 989 Giooonni,

203 1033 340 1104 essendo
373 1034 409 1104 in
442 1032 545 1104 Romo
576 1035 649 1128 [ece
684 1039 797 1100 contro
829 1028 877 1123 qe·
909 1029 1130 1101 ordinamenti
1163 1030 1273 1102 eccie-

202 1158 333 1231 siostici
364 1184 430 1231 nno
462 1159 717 1255 (recentiore,
751 1157 914 1228 chiomcto
940 1161 1031 1254 frete
1056 1156 1156 1228 Piero
1184 1157 1274 1230 dello

205 1284 365 1372 Cernere,
384 1286 478 1382 Papo
495 1281 564 1384 (qui
582 1285 733 1358 Nicolaus
748 1285 786 1355 V.
804 1284 1029 1356 dicebatur-
1047 1284 1086 1355 1).
1111 1285 1179 1357 Xll.
1198 1285 1274 1381 Msji

205 1413 327 1507 1328),
355 1437 372 1484 e
397 1412 492 1483 motti
512 1411 720 1484 Gordinctie
744 1410 898 1501 Vescoei;
926 1436 943 1483 e
969 1413 1062 1509 quivi
1088 1414 1131 1484 de
1157 1425 1273 1510 qnesto

202 1539 297 1637 Popo
332 1541 362 1612 si
401 1544 473 1638 fece
506 1563 677 1612 coronare.
737 1539 768 1610 Ε
809 1549 889 1610 noto
918 1541 977 1636 poi
1009 1541 1043 1611 in
1075 1541 1169 1613 motti
1201 1543 1275 1614 cosi

204 1666 292 1737 detio
311 1692 374 1739 sno
392 1667 541 1739 entoritd
567 1667 742 1764 quistione,
762 1664 828 1759 ccii
845 1689 862 1736 e
880 1667 955 1738 snoi
972 1668 1117 1760 sequaci,
1144 1678 1274 1740 trovato

140 1869 143 1874 ,
202 1804 316 1890 qnesto
345 1793 430 1865 libro
457 1821 477 1865 o
505 1793 690 1892 difensione
712 1793 748 1864 di
773 1792 884 1888 quelle
911 1817 928 1863 e
955 1794 991 1864 di
1017 1794 1051 1865 se*
1069 1795 1163 1866 molti
1185 1797 1274 1890 decii

202 1922 386 2013 orcomenti
410 1922 446 1993 in
473 1945 546 1993 esso
571 1920 660 2018 posti
677 1920 918 1991 cominriorono
945 1921 990 1991 cd
1006 1945 1129 2010 neore3
1148 1945 1212 2017 per
1240 1922 1273 1992 io

202 2046 281 2143 quoi
314 2073 391 2120 coso
423 2047 575 2134 iiddom,
609 2048 635 2119 il
661 2047 759 2144 quote
794 2049 895 2144 infimo
922 2047 1032 2119 ollorc
1058 2073 1185 2145 oppene
1213 2072 1273 2120 ero

202 2184 337 2270 repeto,
373 2177 511 2247 divenne
542 2175 642 2247 molto
677 2178 815 2272 famoso.
868 2174 925 2247 Mo
953 2176 1029 2271 poi,
1058 2177 1222 2248 tornatosi
1247 2176 1274 2260 ii

202 2301 291 2372 detto
325 2301 489 2374 Lodooico
521 2302 611 2373 nelle
651 2301 773 2396 Moeno
807 2298 915 2402 (Initio
948 2304 1027 2374 enni
1064 2303 1185 2398 1330),
1226 2303 1275 2397 yn·

201 2429 275 2500 snoi
312 2430 447 2523 reyneri
489 2453 506 2500 e
545 2430 810 2501 mossimcmente
842 2430 856 2500 i
888 2430 1044 2517 chierici,
1085 2431 1199 2502 veneti
1239 2430 1274 2502 ot

113 2546 115 2550 ⁴
202 2555 333 2627 dicicino
361 2579 377 2627 e
401 2556 556 2651 dispersi,
579 2556 606 2627 e
632 2557 721 2628 detto
750 2556 940 2643 Commode,
967 2581 1033 2629 non
1056 2558 1193 2629 essendo
1220 2558 1275 2630 chi

197 2707 222 2755 n
245 2683 296 2753 eid
323 2683 353 2755 si
380 2707 575 2780 commosse,
609 2684 761 2756 centeii
787 2683 1005 2779 soprnscritto
1032 2685 1135 2770 libro,
1163 2686 1273 2782 quello

200 2811 236 2880 in
259 2809 405 2905 publico,
431 2811 570 2882 siccome
589 2835 663 2882 cose
691 2811 834 2882 ereticde
861 2820 1065 2896 contenente,
1092 2811 1200 2884 donno
1237 2815 1272 2885 ol

200 2941 310 3035 scoco.
338 2937 393 3008 E’l
408 2937 607 3032 simiolionte
626 2939 656 3010 si
670 2941 827 3035 ssorecvn
840 2937 875 3008 di
891 2942 967 3035 sore
986 2939 1072 3010 delle
1092 2965 1168 3012 osso
1186 2941 1273 3013 dello

202 3075 320 3136 oretore
339 3090 360 3136 o
378 3075 493 3136 eterne
510 3065 651 3162 infamio
668 3089 684 3136 e
703 3066 896 3162 confusione
915 3064 1005 3136 dello
1022 3091 1085 3138 sno
1102 3069 1271 3156 memorio,

202 3215 237 3263 se
262 3216 282 3262 c
308 3191 359 3262 eid
391 3216 457 3263 non
483 3192 514 3263 si
538 3195 632 3289 fecsse
660 3201 794 3288 opposto
826 3217 891 3264 nno
917 3193 1070 3266 octoroso
1100 3194 1273 3267 devotiore

203 3317 415 3405 Fiorentino,
443 3319 470 3390 it
496 3320 552 3390 cni
577 3344 669 3391 nome
696 3323 735 3416 sn
761 3319 845 3391 Pino
873 3319 963 3391 detio
993 3320 1095 3407 Tosn,
1120 3322 1148 3393 ii
1173 3325 1271 3419 qreoie

202 3445 312 3516 oiloro
339 3445 536 3540 cBoioono,
565 3447 646 3517 done
672 3446 723 3517 oid
750 3446 781 3518 si
808 3456 968 3533 trottcoe,
988 3449 1019 3520 si
1046 3451 1185 3535 trood,e
1212 3476 1273 3523 con

202 3572 253 3644 tet
277 3596 405 3647 messer
433 3573 570 3667 Ostoeio
598 3574 640 3646 do
666 3575 817 3659 Potento,
836 3583 972 3670 potente
998 3576 1154 3650 ciesccmo
1181 3581 1274 3651 ossei

202 3698 257 3770 nel
282 3711 428 3796 cospetto
456 3699 511 3772 del
539 3700 718 3773 Gordinoie
746 3703 949 3799 soprodetto.

255 3827 380 3900 Similia
413 3829 567 3923 leguntur
601 3829 634 3901 in
669 3828 922 3904 Commentariis
956 3833 1098 3905 Brerom
1124 3861 1145 3905 n
1172 3833 1274 3906 Sexe-

153 3979 299 4027 reeerro
333 3951 573 4055 (Guelphorum
605 3959 688 4053 porti
721 3959 857 4049 addicti,
889 3970 922 4031 et
954 3984 1039 4033 enno
1078 3962 1172 4034 1357
1211 3962 1273 4033 vito

154 4078 271 4179 iuncti)
305 4083 339 4154 in
373 4084 549 4156 secundom
579 4085 703 4181 Digesti
737 4087 810 4156 novi
843 4098 984 4183 partem,
1017 4100 1050 4161 et
1075 4089 1205 4186 quidem
1233 4091 1272 4162 ad

153 4207 278 4303 Lege-m
308 4211 339 4303 1,
367 4211 385 4304 ξ
414 4212 448 4282 2.
501 4210 549 4282 lie
576 4213 778 4309 requirendis
806 4215 871 4287 reis
899 4212 1146 4314 (XLV111,17):
