2940 5040
454 334 589 394 DANTIS
608 331 834 394 MONAR-CHIA
852 336 886 392 11.
902 330 931 392 C.
951 342 974 392 S·
1231 332 1270 394 65

152 513 248 579 debet
279 533 313 580 se
342 533 503 596 exponere
531 532 588 597 pro
617 512 721 578 salute
749 511 861 595 totius,
891 530 988 593 quum
1016 511 1110 580 homo
1135 514 1177 579 sit
1197 531 1271 596 pars

151 615 311 699 quaedam
340 615 494 698 civitatis,
533 620 567 678 ut
599 633 657 698 per
689 613 982 697 Philosophum
1020 619 1110 699 patet
1140 617 1173 681 in
1206 617 1272 684 suis
1293 625 1323 675 10

151 717 309 801 Politiois;
334 716 429 783 homo
450 737 507 801 pro
522 715 627 799 patria
645 715 740 782 debet
756 737 914 800 exponere
936 717 1085 801 seipsum,
1108 723 1272 801 tamquam

151 821 255 885 minus
280 819 396 884 bonum
417 839 474 904 pro
504 818 636 885 meliori.
681 816 775 885 Unde
802 818 1078 904 Philosophus
1107 819 1149 885 ad
1177 822 1271 890 Nieo-

151 921 314 988 maehum:
336 921 506 1004 „Amabile
529 920 657 1003 quidem
673 920 757 986 enim
773 925 806 986 et
826 921 880 985 uni
902 921 977 1005 soli;
1001 922 1114 986 melius
1137 928 1168 989 et
1191 921 1272 990 divi-

151 1025 222 1090 nius
245 1042 323 1090 vero
346 1023 434 1104 genti
456 1028 487 1088 et
508 1021 660 1088 eivitati.“
696 1022 738 1086 Et
759 1023 820 1088 boo
837 1022 992 1106 judicium
1008 1024 1071 1091 Dei
1093 1029 1155 1108 est;
1179 1025 1273 1093 aliter

152 1126 292 1191 humana
314 1125 396 1190 ratio
417 1125 451 1188 in
466 1143 524 1189 sua
539 1122 728 1190 rectitudine
741 1144 804 1190 non
820 1131 1005 1207 sequeretur
1018 1130 1149 1192 naturae
1171 1126 1270 1193 inten—
1291 1135 1321 1186 15

151 1229 288 1312 tionem,
312 1226 398 1308 quod
421 1231 470 1292 est
490 1226 696 1310 impossibile.
1032 1289 1036 1297 ,

237 1328 404 1408 Quaedam
427 1328 523 1394 etiam
542 1325 666 1412 judioia
688 1327 750 1392 Dei
772 1334 853 1411 sunt,
876 1327 918 1393 ad
941 1348 1032 1412 quae,
1055 1330 1117 1395 etsi
1134 1329 1272 1395 humana

151 1430 236 1496 natio
258 1451 300 1497 ex
321 1429 457 1514 propriis
479 1429 658 1512 pertingere
687 1429 812 1512 nequit,
842 1431 986 1497 elevatur
1016 1437 1122 1496 tamen
1152 1429 1194 1495 ad
1214 1433 1272 1498 illa

151 1551 238 1598 oum
258 1531 466 1616 adjutorio
495 1530 597 1596 fidei
628 1550 735 1596 eorum
766 1550 848 1612 quae
876 1532 909 1596 in
936 1532 1035 1598 saeris
1056 1532 1157 1598 literis
1178 1535 1272 1600 nobis

152 1634 239 1699 diota
263 1638 350 1716 sunt3
376 1632 458 1699 siout
478 1631 522 1697 ad
537 1631 609 1697 hoe:
632 1631 725 1711 Quod
739 1652 841 1716 nemo,
865 1639 1152 1716 quantumcumque
1169 1656 1270 1702 mora·
1290 1643 1322 1695 20

152 1736 236 1801 libus
259 1740 290 1800 et
312 1733 581 1800 intellectualibus
603 1732 788 1817 virtutibus,
818 1740 850 1801 et
878 1734 1050 1801 seeundum
1073 1737 1217 1802 habitum
1240 1743 1272 1804 et

151 1836 325 1904 seeundum
348 1837 565 1919 operationem
587 1836 760 1919 perfectus,
784 1837 905 1918 absque
927 1836 991 1902 fide
1014 1837 1132 1902 salvari
1155 1845 1270 1920 potest,

153 1940 244 2022 dato,
269 1937 355 2020 quod
376 1956 537 2019 nunquam
559 1936 682 2017 aliquid
704 1936 744 2002 de
768 1936 892 2004 Christo
915 1937 1089 2022 audiverit;
1115 1941 1272 2007 namhoc

152 2042 232 2106 ratio
257 2040 395 2105 humana
422 2059 480 2124 per
507 2059 542 2105 se
566 2038 688 2122 justum
710 2038 823 2106 intueri
845 2060 908 2105 non
929 2044 1050 2122 potest,
1080 2039 1143 2106 lide
1165 2047 1271 2107 tamen

155 2290 161 2299 '
195 2291 256 2345 οΗ.
277 2293 357 2347 totius
375 2290 500 2362 corporis
805 2293 897 2369 obstat
930 2291 1062 2345 unanimis
1095 2291 1171 2347 codd.
1207 2308 1272 2347 oon·

180 2399 202 2431 ¹⁰
219 2396 261 2451 Ita
280 2395 308 2448 in
325 2391 448 2448 omnibus
467 2391 543 2445 codd.
563 2421 596 2429 —
618 2390 685 2445 Edd.
805 2392 901 2432 tensus

220 2485 249 2532 ut
268 2480 308 2534 ait
325 2475 509 2548 Philosophus
767 2463 787 2494 ¹⁷
804 2461 847 2515 Ita
864 2462 896 2515 F·
923 2461 955 2515 H·
974 2461 1006 2516 L.
1034 2461 1071 2516 M·
1096 2461 1127 2515 P.
1151 2462 1184 2516 V.
1208 2461 1272 2516 licet

180 2583 200 2616 rr
219 2581 250 2634 F·
268 2580 300 2634 L¹
318 2579 356 2634 M·
387 2610 420 2618 -
446 2578 552 2646 Reliqui
576 2583 603 2632 et
627 2577 686 2632 ΕΜ.
805 2548 910 2600 varient
945 2546 973 2600 in
1008 2546 1101 2602 ordine
1131 2547 1272 2602 verborum

806 2632 847 2696 (F.
866 2631 897 2685 P.
909 2632 975 2704 jud.
993 2639 1027 2686 et.
1051 2638 1114 2687 suot
1131 2632 1164 2687 D.
1187 2663 1219 2671 -
1239 2631 1271 2686 V.

807 2723 840 2769 et.
858 2724 921 2770 surr!
939 2717 972 2772 D.
991 2720 1065 2789 jud.)
1090 2748 1123 2756 -
1146 2719 1179 2772 A.
1200 2717 1271 2771 enim

800 2801 865 2872 jud.
885 2810 948 2855 serrat
966 2801 1019 2856 Dei
1036 2833 1067 2841 —
1092 2802 1158 2856 Edd.
1183 2811 1271 2855 orclem

806 2893 870 2940 suern
888 2887 940 2941 lter·
950 2887 1059 2957 judicia

823 2972 856 3025 H.
866 2973 892 3026 si
902 2970 1021 3027 barleana
1031 3003 1064 3013 -
1072 2971 1142 3030 Edd.
1153 2970 1273 3026 bernano

221 2665 330 2720 Potitiis

179 2770 209 2833 ¹³,
225 2769 245 2802 ¹⁴
262 2767 294 2820 L.
305 2764 646 2819 -ConoordantA.H.M.
655 2764 686 2817 P.

221 2852 253 2906 V.
283 2855 391 2921 praeter
419 2848 531 2903 leviores
558 2848 688 2916 quasdam

220 2936 343 2991 lectionis
362 2935 518 2988 uarietates:
541 2948 591 3002 pro
609 2934 688 2994 arira,

221 3020 293 3090 quod
310 3021 344 3075 ab
362 3020 394 3072 H.
413 3033 526 3089 prorsus
544 3017 628 3081 abest,
651 3014 687 3069 M.

219 3106 330 3161 exbibet
346 3120 416 3169 esse,
443 3102 474 3155 F.
497 3117 559 3156 vero
583 3107 636 3162 est,
660 3104 687 3155 et

221 3207 270 3260 pro
289 3191 366 3261 perui
381 3189 412 3242 P.
430 3189 512 3241 babet
530 3189 586 3242 enti
604 3192 631 3240 et
648 3185 686 3239 M.

220 3277 336 3331 senatui.
361 3273 491 3328 Ultimum
508 3279 535 3326 et
551 3285 605 3327 non
624 3269 687 3339 legi·

221 3360 302 3415 turin
312 3360 344 3412 A.
355 3357 518 3413 —Pessime
531 3361 688 3424 corruptum

221 3447 294 3499 buno
312 3445 401 3498 locum
424 3443 461 3496 ita
483 3442 610 3497 exhibent
627 3440 686 3495 edd.

221 3528 345 3584 Attrahite
369 3527 476 3597 quidem
499 3542 570 3590 esse,
596 3526 690 3579 etant

221 3616 276 3669 soti
291 3613 398 3676 melius,
415 3612 464 3665 sed
480 3611 598 3665 divitates
613 3612 690 3681 penti
807 3653 863 3708 rius
881 3659 908 3707 et
924 3652 1016 3706 Μὴ

222 3704 248 3754 et
265 3699 375 3753 civitais·
461 3799 466 3810 .
667 3795 673 3808 ι
824 3739 855 3792 F.
874 3738 908 3792 H.
927 3737 959 3790 L.
977 3736 1009 3790 V.
1028 3736 1130 3790 sanctis
1148 3735 1232 3789 literis

182 3804 203 3837 ¹⁴
221 3801 291 3856 Edd.
316 3805 377 3869 post
413 3797 463 3852 Der
488 3803 528 3851 est
555 3811 615 3850 cum
641 3794 688 3849 Fl-
767 3826 791 3859 2³
808 3825 840 3878 F,
857 3824 889 3877 L,
908 3823 945 3878 Μ,
965 3839 1027 3876 nam
1045 3818 1094 3875 bec

224 3886 285 3941 eino
294 3887 417 3940 inserunt
430 3881 610 3954 eoqoosctbile
616 3900 627 3944 ,·
642 3880 689 3935 sed

807 3058 892 3123 ratio,
910 3059 961 3111 etsi

768 3141 789 3173 ¹⁸
805 3140 837 3193 F.
857 3142 990 3212 attinpere

768 3226 789 3258 ¹⁰
805 3225 837 3278 F.
855 3242 914 3280 cum
932 3227 1094 3281 auctoritate

820 3309 889 3379 fidei
918 3315 945 3366 et
975 3328 1080 3376 corato,
1114 3310 1274 3367 auctoritate

807 3397 895 3452 Ficini
904 3397 932 3451 ni
942 3395 1103 3461 fallormoti‚
1118 3395 1165 3450 sed
1181 3411 1274 3465 repro-

806 3482 933 3537 bantibus
950 3481 1026 3536 libris
1048 3496 1129 3535 manu
1156 3480 1273 3535 exaratis

807 3573 834 3622 et
851 3567 910 3622 edd.
929 3567 1060 3634 antiquis,
1083 3566 1185 3620 habent
1203 3566 1273 3620 Tur·

224 4120 265 4182 tla'
287 4159 297 4180 .
315 4121 400 4178 ΠΗ.
431 4123 451 4155 ¹¹
469 4114 805 4173 AnrsrornursPolitieal.
818 4118 841 4166 2.
916 4114 936 4146 ¹³
953 4107 1270 4180 EjusdEtbioaNicom.

153 4194 219 4248 1.1.
243 4199 250 4258 l
278 4191 360 4247 ransl.
385 4194 451 4254 ant)
480 4187 620 4252 „Amabile
637 4185 742 4256 quidem
761 4183 831 4238 enim
854 4188 881 4236 et
899 4181 945 4234 uui
966 4179 1024 4243 soli,
1049 4177 1145 4233 melius
1162 4193 1223 4233 vero
1247 4183 1275 4232 et

154 4262 272 4318 divinius
290 4259 364 4330 genti
381 4265 408 4313 et
427 4257 605 4313 civitatibus.“

1055 4337 1069 4385 5
