2940 5040
204 312 263 374 132
447 317 580 372 DANTIS
599 316 818 372 MONARCHIA
835 318 882 370 III.
902 317 930 372 0.
952 321 991 371 14.
1010 321 1073 383 (13.)

200 488 324 570 aliquid
345 490 377 553 in
393 509 464 555 esse
479 488 633 574 producit.
670 490 763 556 Unde
779 509 875 570 quum
890 490 1036 556 Ecclesia
1048 509 1111 554 non
1132 489 1173 554 sit
1189 490 1340 557 effectus

201 595 350 672 naturae,
381 590 437 656 sed
467 592 538 673 Dei,
567 591 715 657 dicentis:
746 591 870 675 „Super
892 592 974 656 hanc
995 598 1119 676 petram
1142 591 1337 659 aedificabo

153 696 183 747 ¹5
201 692 379 758 Ecclesiam
399 693 533 776 meam“,
557 699 590 759 et
611 694 703 758 alibi:
726 693 835 776 „Opus
851 693 1076 775 consummavi,
1101 693 1186 774 quod
1202 692 1341 760 dedisti

201 794 279 858 mihi
306 799 341 859 ut
368 793 517 877 faciam“;
552 796 753 862 manifestum
787 799 850 877 est,
891 795 976 875 qnod
1005 794 1035 860 ei
1068 802 1182 860 natura
1215 796 1340 879 legem

200 915 264 960 non
286 896 383 962 dedit.

286 995 352 1063 Sed
380 1019 438 1064 nee
472 1019 541 1083 per
576 996 769 1080 divinam;
805 998 907 1063 omnIs
939 1018 1076 1079 namque
1111 999 1222 1064 divina
1259 1001 1334 1083 lex,

201 1097 334 1165 duorum
356 1101 633 1165 Testamentornm
663 1099 783 1180 gremio
813 1100 1005 1166 continetur:
1037 1101 1070 1165 in
1099 1121 1160 1182 quo
1191 1101 1329 1183 quidem

151 1205 183 1256 20
201 1201 322 1282 gremio
345 1202 483 1286 reperire
498 1221 561 1266 non
583 1220 723 1285 possum,
746 1202 968 1283 temporalium
983 1201 1230 1268 sollicitudinem
1253 1205 1327 1271 sive

202 1323 308 1368 curam
331 1303 518 1384 sacerdotio,
541 1302 643 1385 primo
666 1303 718 1366 vel
741 1303 923 1385 novissimo,
940 1303 1195 1369 commendatam
1211 1305 1320 1372 fuisse.

200 1405 348 1484 Quinimo
380 1405 523 1489 invenio,
557 1405 737 1472 sacerdotes
766 1404 884 1487 primos
919 1405 960 1469 ab
990 1405 1048 1469 illa
1078 1404 1118 1470 de
1146 1413 1319 1491 praecepto

200 1510 348 1589 remotos,
371 1513 405 1571 ut
427 1512 516 1591 patet
544 1530 601 1593 per
629 1528 669 1572 ea
698 1526 780 1589 quae
803 1507 891 1571 Deus
913 1504 956 1569 ad
977 1506 1125 1590 Moysen;
1156 1514 1188 1572 et
1216 1528 1317 1574 sacer-

201 1605 291 1673 dotes
314 1608 513 1690 nouissimos,
536 1630 593 1693 per
614 1628 750 1691 eaquae
766 1607 909 1673 Christus
931 1607 974 1672 ad
996 1608 1177 1693 discipulos.
1216 1611 1317 1690 Quam

151 1715 182 1766 25
201 1706 330 1788 quidem
353 1709 457 1774 abeis
481 1728 551 1776 esse
573 1716 727 1776 remotam
741 1710 896 1793 possibile
911 1730 974 1775 non
988 1715 1082 1792 esset,
1106 1711 1133 1775 si
1155 1713 1317 1792 regimims

200 1810 385 1892 temporalis
409 1810 580 1877 auctoritas
609 1832 629 1876 a
651 1810 828 1878 sacerdotio
855 1809 1053 1894 demanaret,
1086 1832 1181 1893 quum
1205 1816 1317 1880 saltem

200 1912 232 1975 in
265 1912 488 1978 auctorizando
523 1913 704 1980 sollicitudo
737 1908 928 1998 provisionis
957 1913 1104 1995 instaret,
1140 1921 1171 1979 et
1202 1915 1317 1982 deinde

200 2015 326 2079 cautela
337 2014 494 2096 continua,
510 2036 550 2080 ne
560 2017 772 2082 auctorizatus
784 2036 803 2080 a
815 2014 941 2079 tramite
953 2014 1152 2081 rectitudinis
1165 2015 1317 2085 deviaret.

284 2115 377 2195 Quod
405 2124 510 2182 autem
539 2137 559 2181 a
581 2138 623 2183 se
644 2138 708 2182 non
729 2116 899 2199 receperit,
923 2114 963 2180 de
986 2115 1073 2180 facili
1095 2121 1197 2200 patet:
1228 2120 1318 2185 Nihil

150 2225 182 2276 30
200 2222 249 2282 est
271 2218 356 2298 quod
379 2217 456 2283 dare
478 2219 595 2303 possit,
625 2216 711 2299 quod
738 2238 801 2283 non
823 2216 928 2282 habet.
981 2217 1074 2283 Unde
1104 2240 1196 2286 omne
1218 2241 1318 2304 agens

70 2300 74 2317 ⁸
199 2318 338 2401 aliquid,
372 2325 445 2386 actu
478 2340 548 2385 esse
585 2320 649 2384 tale
682 2324 821 2404 oportet,
856 2318 949 2399 quale
980 2337 1075 2400 agere
1105 2319 1255 2386 intendit:
1285 2327 1319 2387 ut

199 2421 334 2487 habetur
355 2420 388 2485 in
409 2421 464 2503 iis,
489 2440 570 2502 quae
594 2420 634 2487 de
656 2420 843 2504 simpliciter
856 2420 947 2486 Ente.
987 2418 1052 2485 Sed
1076 2428 1208 2506 constat,
1232 2425 1319 2505 quod

228 2622 248 2655 ¹³
266 2622 464 2689 Fraticellium,
505 2638 547 2676 me
591 2621 729 2686 suadente,
808 2623 830 2655 ²⁵
848 2624 880 2675 A.
900 2622 935 2675 H.
954 2621 992 2674 M.
1011 2621 1040 2674 P.
1058 2621 1090 2674 V.
1110 2627 1137 2677 et
1155 2623 1230 2677 editt.
1249 2631 1317 2679 antt.

266 2707 360 2761 merito
387 2721 436 2775 pro
467 2708 545 2761 aliud
576 2706 731 2761 exhibuisse
845 2708 977 2777 possibile
994 2724 1049 2761 ooo
1067 2712 1107 2761 cst

267 2789 375 2860 aliquid
391 2792 418 2844 in
436 2808 493 2845 esse
509 2791 649 2862 producit,
667 2807 730 2860 pro·
810 2792 832 2823 ²⁷
850 2794 882 2844 A.
894 2792 926 2845 V.
936 2809 996 2846 cum
1014 2793 1107 2847 saltem
1120 2793 1318 2847 auctorizoorlo

266 2876 314 2929 bat
332 2875 452 2929 codicum
472 2892 627 2931 consensus.
868 2876 900 2929 Α.
919 2877 1072 2932 sollicitudo
1089 2879 1279 2950 promissionis

227 2961 248 2992 ¹⁰
265 2959 296 3012 P.
314 2968 345 3012 ut
360 2960 463 3028 faciam
483 2963 564 3016 irione
581 2968 622 3015 est
810 2962 833 2993 ²⁸
850 2961 881 3014 F.
900 2978 934 3016 ne
951 2969 1109 3018 auctoratus
1126 2981 1143 3016 o
1161 2965 1268 3017 tramite

227 3044 249 3076 ¹⁹
266 3043 297 3100 F.
329 3044 364 3097 Η.
395 3044 426 3097 L.
463 3046 578 3099 duorum
616 3047 732 3101 testimo·
810 3047 833 3079 ¹⁹
849 3047 933 3101 Editt.
985 3046 1189 3102 adversantibus
1240 3049 1318 3102 libris

265 3131 372 3182 nicrum
851 3131 947 3200 msptis
965 3132 998 3187 de
1013 3133 1097 3202 facili
1108 3140 1187 3203 potet
1204 3135 1244 3189 sio

268 3316 289 3347 ¹⁴
307 3315 414 3370 Evnns.
439 3316 593 3370 Murrnnnr
620 3331 679 3385 cap.
704 3317 776 3370 XVI.
803 3335 826 3371 v.
855 3322 893 3371 18.
1001 3321 1022 3351 ¹⁵
1045 3319 1153 3373 Eunus.
1177 3320 1316 3375 Jonnnrus

198 3398 256 3452 cap.
274 3383 361 3437 XVII.
379 3401 402 3437 v.
421 3390 446 3438 4.
517 3386 540 3418 ²³
557 3384 693 3439 Numeri
711 3400 770 3452 cap.
788 3385 888 3438 XVIII.
908 3401 975 3439 vers.
997 3390 1037 3439 20.
1058 3388 1203 3457 „Dinitqne
1222 3388 1314 3443 Domi-

196 3467 247 3505 nus
265 3451 300 3505 ad
316 3450 424 3506 Aaron:
449 3452 479 3506 In
497 3458 571 3506 terra
594 3469 686 3507 eorum
704 3453 770 3506 nihil
787 3454 972 3522 possidebitis,
991 3470 1042 3508 nec
1060 3455 1192 3510 habebitis
1211 3463 1315 3525 partem

196 3520 339 3573 intereos.
375 3519 433 3588 Ego
456 3536 519 3589 pars
544 3525 571 3575 et
594 3521 729 3575 hereditas
752 3528 799 3575 tua
820 3523 848 3574 in
873 3522 959 3576 medio
984 3522 1099 3577 filiorum
1124 3525 1235 3579 Israel‘.
1272 3526 1313 3578 Cf.

198 3587 340 3642 Aooronrs
359 3587 548 3656 Purgatorium
566 3589 637 3642 XVI.
661 3593 722 3642 131:

437 3714 443 3724 .
473 3716 478 3726 .
508 3713 513 3722 .
543 3714 548 3724 .
578 3691 609 3728 or
627 3674 765 3751 discerno,
779 3673 881 3744 perciti
898 3675 933 3728 da
952 3677 1077 3746 reioppio

434 3741 471 3795 Li
483 3742 547 3812 fipli
562 3742 592 3795 di
607 3741 670 3794 Liri
687 3742 791 3809 suropo
809 3744 900 3796 cocali.

200 3824 222 3855 ²⁴
239 3825 347 3878 Eunus.
365 3825 520 3879 Murunnnr
538 3842 596 3894 cap.
615 3826 647 3878 X.
667 3841 734 3880 vers.
754 3831 782 3879 9:
809 3826 917 3891 „Nolite
943 3826 1080 3896 possidere
1096 3844 1203 3893 aurum,
1227 3846 1315 3898 neque

140 3926 143 3932 .
198 3897 346 3960 argentum,
365 3909 398 3947 ne
417 3909 451 3948 ue
469 3895 610 3962 pecuniam
628 3894 655 3947 in
673 3893 746 3948 zonis
765 3895 888 3949 vestris.“
959 3898 981 3932 ³2
998 3896 1190 3950 Anrsrornnns
1209 3898 1315 3952 Meta·

79 3968 84 3985 ·
199 3959 294 4029 phys.
315 3961 404 4015 Lib.l
435 3967 554 4030 ,capt
573 3963 689 4027 (lectt.)
707 3963 869 4016 translant.
897 3963 1025 4032 „Semper
1039 3965 1109 4018 enim
1127 3981 1161 4019 ex
1178 3969 1315 4034 potestate

197 4031 269 4091 ente,
286 4027 317 4082 fit
334 4036 397 4083 actu
415 4046 462 4084 ens
481 4032 515 4084 ab
534 4038 596 4084 actu
614 4037 684 4095 ente,
703 4035 733 4085 ut
750 4031 829 4084 homo
848 4046 881 4084 ex
898 4033 1013 4091 homine,
1030 4033 1148 4087 musicus
1167 4049 1183 4086 a
1200 4035 1313 4093 musico.

196 4110 303 4164 semper
326 4104 448 4152 movente
470 4099 559 4166 aliquo
583 4103 677 4168 primo.
714 4099 824 4154 Movens
848 4107 937 4154 autem
960 4107 1024 4154 actu
1046 4101 1102 4168 jnm
1126 4108 1180 4154 est:
1204 4102 1314 4157 Dictum

199 4168 240 4216 est
257 4171 346 4219 autern
363 4166 390 4218 in
409 4167 576 4220 sermonibus
595 4167 628 4220 de
646 4168 805 4233 substantia,
824 4168 887 4234 quia
904 4184 982 4222 omne
1000 4168 1071 4237 quod
1088 4167 1134 4232 fit,
1157 4169 1189 4222 fit
1213 4186 1246 4224 ex
1264 4172 1313 4224 ali·

195 4247 265 4300 quo,
285 4235 312 4285 et
331 4234 364 4286 ab
383 4235 487 4302 aliquo,
506 4240 532 4288 et
549 4235 601 4289 hoc
620 4235 710 4303 specie
727 4235 823 4292 idem.“
