2940 5040
151 319 255 374 XXXII
574 314 860 372 PROLEGOMENA.

204 516 303 564 manu
331 501 383 564 tua
403 493 598 588 accepimus,
625 491 775 563 dedimus
791 491 879 563 tihi“.
918 490 1054 563 Planum
1072 501 1121 561 est
1147 502 1269 582 autem,

202 620 288 717 quod
316 619 399 715 Papa
427 631 474 690 est
501 643 596 690 verus
620 619 755 689 vicarius
771 617 891 689 Christi
913 618 945 688 in
975 629 1068 690 terra.
1106 617 1165 691 Illo
1188 644 1267 715 ergo

199 745 272 841 jure
314 747 542 842 temporalium
587 746 823 818 administratio
860 745 1050 816 conceditur
1083 745 1187 841 Papae
1228 747 1267 817 ah

203 872 410 970 Imperatore,
438 884 469 944 et
495 875 651 970 recipitur
677 873 820 968 abipso,
847 897 910 968 quo
935 870 1008 965 jure
1027 874 1266 969 praedictorum

203 1001 364 1073 bonorum
393 1001 629 1073 administratio
657 1001 811 1097 recipitur
837 1025 854 1071 a
880 999 959 1090 Deo,
989 1010 1021 1070 et
1047 1001 1140 1072 datur
1167 1000 1268 1072 Ileo“.

152 1127 175 1198 I.
205 1127 238 1199 8.
265 1129 370 1226 ‚I'apa
397 1139 446 1200 est
472 1139 566 1225 caput
581 1129 814 1225 discipulorum
839 1138 869 1197 et
885 1128 1118 1223 Apostolorum
1136 1127 1268 1202 Christi.

203 1254 268 1327 Sed
296 1256 335 1327 de
363 1254 529 1352 discipulis
545 1255 665 1328 Christi
684 1255 805 1328 dictum
827 1265 892 1326 est:
919 1254 1010 1345 „Nisi
1028 1257 1082 1352 qui
1098 1257 1269 1328 renuncia·

202 1383 284 1454 verit
320 1384 472 1456 omnibus
510 1408 590 1480 quae
625 1384 784 1479 possidet,
827 1405 892 1452 non
929 1392 1035 1478 potest
1070 1407 1162 1454 meus
1196 1409 1268 1455 osse

203 1507 410 1605 discipulus“.
449 1509 538 1606 Ergo
564 1511 700 1602 videtur,
727 1510 812 1607 quod
831 1509 914 1605 Papa
944 1534 1042 1605 snper
1069 1511 1269 1606 temporalia,

89 1701 122 1732 ·.
203 1645 397 1730 potestatem
434 1662 500 1708 non
529 1637 641 1710 haheat
658 1692 768 1710 .....
784 1635 846 1708 Ista
884 1636 943 1708 suit
970 1637 1122 1708 instantia
1149 1638 1269 1709 Juliani

203 1763 355 1835 haeretici
375 1764 600 1858 (Eclanensis),
626 1767 681 1863 qui
708 1766 791 1838 horta
818 1764 1056 1861 patrimonialia
1076 1762 1269 1836 Christianis

204 1891 371 1983 auterens,
413 1890 553 1983 dicebat,
587 1891 734 1965 Christus
763 1904 874 1964 noster
901 1890 979 1962 dixit
1007 1892 1039 1962 in
1073 1891 1267 1986 Evangelio:

201 2017 286 2109 „Qut
303 2042 368 2090 non
396 2020 652 2091 renunciaverit“
676 2030 737 2092 etc.
789 2019 863 2091 Nou
891 2029 940 2090 est
965 2029 1074 2092 tamen
1091 2018 1130 2090 de
1145 2021 1270 2091 ratione

201 2144 283 2217 vitae
298 2146 459 2242 perlectae
476 2157 510 2220 et
525 2147 759 2244 discipulorum
777 2145 906 2237 Christi,
933 2146 1014 2218 nihil
1041 2147 1268 2242 temporalium

202 2272 385 2369 possidere,
419 2298 519 2370 quum
556 2275 617 2370 ipsi
651 2277 751 2347 multa
792 2274 981 2371 temporalia
1024 2275 1057 2345 in
1100 2275 1270 2345 communi

202 2399 361 2473 haberent
377 2455 489 2471 .....
512 2400 595 2472 Nam
622 2401 785 2475 Abraham
813 2402 977 2498 perfectus
1005 2403 1106 2473 homo
1133 2410 1211 2492 erat,
1238 2412 1270 2471 et

204 2526 322 2599 multas
350 2527 473 2599 divitias
501 2528 646 2600 habehat.
683 2530 851 2602 Possidere
879 2553 957 2623 ergo
980 2529 1114 2618 divitias,
1141 2552 1208 2599 non
1235 2538 1272 2599 ut

204 2656 238 2726 in
265 2655 311 2725 eis
338 2679 412 2752 spes
445 2662 595 2751 ponatur,
621 2656 676 2728 sed
697 2668 731 2728 ut
752 2658 785 2727 in
813 2657 858 2728 eis
886 2657 1031 2728 divinum
1060 2665 1267 2752 praeceptum

203 2782 377 2876 impleatur
389 2783 428 2853 ad
440 2785 619 2879 praesentis
636 2786 717 2856 vitae
735 2786 1013 2874 sustentationem,
1031 2783 1070 2855 ad
1089 2806 1269 2879 pauperum

204 2910 424 3004 erogationem
453 2922 485 2982 et
509 2912 663 2983 virtutum
682 2914 904 3009 operationem
924 2923 972 2984 est
988 2911 1027 2982 de
1047 2913 1170 2982 ratione
1188 2909 1269 2980 vitae
1316 2911 1321 2914 ⁴

204 3037 437 3134 Apostolicae“.

388 3271 470 3326 Aua.
489 3270 546 3326 TR.
565 3272 688 3327 XXXVI.
706 3278 729 3326 6.
758 3273 800 3338 [D.
818 3272 900 3327 MON.
918 3271 966 3326 ΠΙ.
987 3278 1035 3328 tut

204 3408 300 3500 „Plus
324 3421 428 3505 potest
453 3410 632 3510 Imperator
665 3439 761 3512 quam
790 3413 890 3508 Papa,
927 3412 1019 3507 cnjus
1053 3414 1184 3507 signum
1212 3424 1271 3503 est,

204 3537 277 3632 qnia
304 3562 379 3609 eum
408 3540 440 3610 in
469 3566 564 3615 suum
593 3542 747 3615 auxilium
774 3551 866 3613 vocat
892 3540 930 3611 ad
963 3539 1186 3612 defensionem
1209 3540 1272 3611 Ec·

207 3662 322 3734 clasiae
339 3720 449 3740 .....
466 3666 524 3740 Est
546 3669 732 3760 dicendum,
750 3668 835 3765 quod
853 3669 914 3739 hoo
933 3669 1055 3765 ipsum,
1081 3668 1165 3764 quod
1186 3667 1270 3764 Papa

204 3801 297 3862 vocat
322 3791 553 3890 Imperatorem
576 3797 608 3867 in
636 3821 732 3870 suum
752 3796 907 3868 auxilium
930 3805 962 3867 et
980 3793 1144 3868 Ecclesiae
1161 3795 1271 3866 delen·

205 3919 331 3990 sionem
367 3945 384 3992 a
419 3921 502 4018 Papa
538 3924 632 3997 habet
668 3925 838 3996 causaliter
873 3924 1033 4014 effective,
1067 3934 1098 3995 et
1130 3922 1270 3994 finaliter

205 4047 425 4141 terminative,
451 4076 552 4147 quum
581 4053 722 4148 gladium
751 4052 951 4149 imperialem
981 4050 1086 4124 solum
1116 4051 1149 4122 in
1177 4049 1273 4121 mtni·

205 4175 340 4248 sterium
367 4175 425 4248 Dei
453 4191 580 4252 constet
604 4181 663 4254 sibi
691 4205 761 4253 esse
788 4178 929 4252 datum“.
