2940 5040
269 312 328 370 114
562 315 695 369 DAVTIS
714 315 928 370 MONARCHIA
948 317 994 370 111.
1014 317 1041 372 O.
1060 322 1085 371 9.

353 486 445 567 Quod
460 493 566 553 autem
581 487 743 572 responsio
759 508 823 553 non
844 488 1013 554 inissetid
1035 489 1239 556 intentionem
1256 489 1382 575 Christi,

267 611 330 656 non
354 589 412 656 erit
433 589 692 671 immanifestum,
720 589 746 652 si
770 589 1006 656 considerentur
1028 591 1126 656 verba
1146 590 1383 675 praecedentis,

219 710 249 759 15
269 698 301 757 et
323 711 420 756 cansa
435 691 610 756 verborum.
648 692 781 774 Propter
796 690 881 773 quod
897 691 1068 774 sciendum,
1086 691 1171 773 quod
1186 691 1248 755 hoc
1266 687 1383 753 dictum

266 794 325 859 fuit
346 793 378 856 in
401 792 452 857 die
475 811 606 874 coenae,
637 790 721 856 unde
742 791 846 856 Lucas
875 793 986 877 incipit
1008 793 1152 876 superius
1175 790 1235 855 sic:
1269 789 1384 872 „Venit

268 900 374 961 autem
396 894 464 959 dies
486 914 684 977 azymorum,
714 894 746 958 in
770 915 831 976 quo
854 915 984 962 necesse
1007 899 1076 961 erat
1097 892 1199 960 occidi
1222 891 1382 975 Pascha“;

266 999 299 1062 in
328 1019 390 1080 qua
417 996 546 1078 quidem
578 1016 676 1061 coena
704 997 931 1078 praeloquutus
964 996 1069 1062 fuerat
1096 995 1239 1061 Christus
1269 995 1310 1059 de
1339 994 1381 1058 in-

266 1106 397 1182 gruente
419 1098 584 1183 passione,
614 1098 645 1161 in
677 1118 740 1178 qua
762 1100 929 1180 oportebat
954 1098 1060 1180 ipsum
1082 1097 1223 1182 separari
1248 1117 1267 1160 a
1291 1096 1382 1160 disci-

218 1220 250 1270 10
267 1201 351 1286 pulis
366 1200 440 1266 suis.
477 1201 558 1264 Item
573 1200 743 1282 sciendum,
768 1198 853 1281 quod
868 1200 923 1265 ubi
944 1200 1006 1264 ista
1021 1200 1119 1265 verba
1139 1199 1383 1281 intervenerunt,

267 1309 357 1368 erant
371 1303 464 1366 simul
480 1320 588 1367 omnes
604 1299 769 1367 duodecim
787 1300 948 1387 discipuli,
972 1301 1054 1368 unde
1069 1286 1182 1384 parum
1196 1305 1270 1382 post
1285 1301 1385 1365 verba

266 1404 443 1487 praemissa
465 1402 540 1467 dicit
563 1403 680 1467 Lucas:
703 1403 764 1486 „Et
780 1423 876 1484 quum
898 1403 982 1468 facta
1004 1409 1090 1468 esset
1104 1402 1190 1485 bora,
1214 1402 1383 1485 discubuit,

267 1509 299 1569 et
321 1503 489 1569 duodecim
505 1504 652 1586 Apostoli
675 1525 744 1569 cum
768 1504 837 1570 eo.“
874 1505 915 1568 Et
937 1526 976 1572 ex
992 1504 1065 1569 binc
1080 1505 1263 1570 continuato
1287 1505 1382 1570 collo-

269 1605 343 1686 quio
366 1604 453 1670 venit
474 1603 517 1668 ad
540 1606 634 1670 baec:
663 1606 817 1689 „Quando
840 1606 911 1672 misi
933 1626 991 1672 vos
1013 1607 1080 1672 sine
1103 1606 1229 1671 saeculo
1253 1611 1285 1672 et
1307 1626 1385 1690 pera

218 1726 250 1779 25
268 1712 301 1773 et
322 1706 559 1789 calceamentis,
582 1704 734 1788 numquid
756 1708 878 1790 aliquid
901 1708 1001 1775 detuit
1022 1708 1136 1795 vobis?
1158 1709 1201 1770 At
1222 1707 1272 1776 iili
1295 1707 1383 1772 dixe-

268 1815 354 1873 runt:
377 1808 475 1872 Nihil.
520 1807 611 1871 Dixit
633 1827 708 1890 ergo
731 1810 792 1875 eis:
817 1809 881 1876 Sed
903 1831 1002 1893 nunc,
1023 1810 1077 1892 qui
1099 1809 1197 1875 habet
1212 1810 1383 1890 saeculum,

268 1910 369 1992 tollat,
394 1909 537 1974 similiter
561 1916 591 1975 et
613 1930 736 1994 peram,
761 1912 866 1993 etqui
887 1913 1070 1993 nonhabet,
1094 1911 1213 1977 vendat
1234 1911 1382 1994 tunicam,

268 2019 300 2077 et
323 2018 407 2076 emat
428 2010 601 2093 gladium.“
636 2012 674 2075 In
689 2032 751 2093 quo
775 2014 852 2078 satis
875 2021 983 2097 aperte
1005 2013 1136 2080 intentio
1152 2012 1270 2077 Christi
1284 2012 1383 2077 mani-

267 2112 412 2196 festatur,
436 2113 605 2179 nonenim
629 2112 723 2179 dixit:
745 2115 882 2199 Emotis,
906 2116 958 2181 vel
980 2114 1126 2180 habeatis
1145 2112 1223 2180 duos
1246 2111 1382 2195 'gladios

217 2219 248 2271 30
266 2214 330 2281 imo
354 2215 539 2299 duodecim,
570 2235 665 2296 quum
687 2214 729 2279 ad
753 2215 920 2283 duodecim
943 2215 1115 2300 discipulos
1138 2215 1272 2281 diceret:
1301 2216 1383 2299 „Qui

266 2337 329 2381 non
351 2318 465 2399 babet,
489 2317 603 2401 emat“,
626 2324 661 2383 ut
683 2319 816 2401 quilibet
837 2319 970 2384 haberet
991 2339 1096 2383 unum.
1140 2318 1182 2382 Et
1203 2318 1265 2383 hoc
1287 2317 1382 2384 ctiam

295 2535 316 2566 ¹³
334 2534 399 2586 Cum
419 2534 494 2588 codd.
513 2534 545 2587 A.
564 2535 596 2586 H.
610 2536 647 2588 M.
661 2535 693 2589 V.
714 2537 798 2605 scrip-

335 2620 416 2672 simus
445 2619 522 2683 Quod
544 2626 632 2672 cirtem
660 2622 797 2690 responsio

334 2735 365 2742 ω
385 2703 413 2755 Ρ.
438 2703 516 2756 etism
541 2703 585 2757 hic
609 2704 687 2769 Quod
710 2713 798 2758 autem

332 2789 403 2841 ratio
422 2819 454 2826 -
471 2787 504 2840 V.
523 2795 636 2856 utroque
657 2789 716 2843 loco
735 2789 798 2842 olim

332 2872 403 2925 idem
420 2873 548 2927 habuisse
565 2873 675 2927 videtur.
705 2905 737 2911 -
764 2874 795 2927 L.

333 2961 360 3010 et
383 2957 456 3010 editt.
475 2957 554 3023 Quod
575 2965 664 3011 001010
686 2975 797 3028 100000-

332 3041 471 3094 soro—F.
482 3041 561 3107 Quod
578 3050 665 3096 autem
681 3044 798 3098 intencio

349 3127 381 3179 Η.
401 3126 438 3180 od
455 3128 693 3198 interemptionemv
705 3128 764 3182 Cirr.

294 3212 314 3244 ¹⁴
331 3211 364 3263 H.
386 3215 413 3264 ct
430 3211 462 3264 V.
487 3227 535 3280 pro
560 3229 612 3266 oon
637 3215 798 3266 011110000-

332 3296 461 3364 nifestom
496 3297 596 3351 habent
630 3300 681 3351 erit
713 3300 797 3352 10001-

331 3380 431 3449 festum

293 3465 314 3496 ¹⁸
330 3464 363 3518 H.
382 3465 419 3517 M.
445 3467 472 3518 10
498 3483 552 3535 quo
581 3469 688 3536 quidem
716 3485 796 3537 proe-

332 3550 460 3617 loquutus

349 3634 381 3687 A.
402 3633 431 3685 F.
450 3634 485 3687 Η.
503 3635 534 3688 L.
552 3636 580 3689 P.
599 3636 656 3705 fuit
674 3634 795 3690 Cbrr‘stus

290 3720 312 3752 ²⁰
329 3721 362 3772 A.
381 3719 419 3772 M.
438 3720 574 3773 sciendum
593 3730 631 3774 est
650 3720 725 3790 qood

348 3805 376 3857 F.
395 3804 468 3874 qood
485 3806 537 3859 isto
556 3807 636 3860 00110

289 3887 312 3919 ²²
329 3887 359 3939 P.
374 3895 440 3956 post
458 3890 537 3943 verbo
549 3890 677 3961 predicto

346 3972 379 4023 H.
398 3971 463 4026 dicit
479 3975 644 4045 occupetisto
662 3973 750 4030 Lucos

876 2538 906 2600 ²²,
926 2538 949 2569 ²³
966 2536 995 2588 P.
1025 2537 1166 2590 discrepabit
1189 2541 1216 2588 et
1242 2537 1383 2592 duodecim

918 2621 1047 2692 discipuli
1064 2636 1123 2673 0010
1142 2636 1173 2673 eo

877 2704 900 2738 ²³
917 2706 951 2757 H.
969 2705 1003 2759 V.
1029 2712 1054 2758 et
1078 2705 1152 2758 editt.
1172 2703 1301 2758 Exhinc
1319 2723 1381 2760 eou-

918 2793 1022 2844 1100010
1040 2788 1225 2857 —Sequimur
1248 2791 1282 2842 A.
1301 2790 1332 2845 F.
1349 2791 1380 2844 It.

916 2875 953 2928 M.
972 2875 1000 2927 P.

932 2960 964 3012 A.
985 2959 1021 3012 Et
1045 2976 1082 3012 ex
1105 2957 1168 3012 irinc
1186 2966 1255 3011 cont.
1274 2959 1382 3028 eloquio

875 3046 897 3078 ²⁴
916 3044 946 3097 F.
965 3045 998 3096 H.
1016 3044 1047 3096 L.
1066 3044 1103 3097 M.
1120 3043 1152 3094 V.
1171 3043 1365 3098 0001101100

933 3129 964 3181 F.
984 3127 1115 3192 Ottorriom
1133 3130 1195 3182 oiisi
1212 3144 1259 3182 cos

874 3215 897 3246 ²⁵
914 3213 945 3266 L.
964 3214 1102 3281 ottorprtid,
1120 3213 1216 3282 inquit,
1234 3213 1326 3283 deferit
1348 3244 1382 3252 —

914 3298 945 3351 P.
964 3305 993 3350 01
1011 3296 1085 3367 quid,
1104 3298 1199 3366 inquit,
1217 3297 1310 3368 (defuit

932 3382 963 3434 F.
984 3383 1023 3435 Ao
1041 3381 1082 3434 ilii
1098 3381 1158 3435 dix.

875 3469 897 3499 2⁷
916 3466 947 3519 F.
974 3466 1069 3519 vendat
1097 3468 1214 3519 trotioom
1240 3482 1318 3519 strom
1341 3471 1381 3528 (ut

914 3552 941 3604 in
959 3556 1035 3604 textu
1053 3555 1141 3615 sacro)

873 3637 896 3669 ²⁹
913 3636 945 3689 F.
964 3653 1019 3688 000
1037 3635 1109 3690 dixit
1127 3634 1232 3689 Emotis

875 3722 898 3754 ³⁰
916 3723 947 3773 A.
967 3727 993 3774 et
1004 3720 1078 3775 editt.
1097 3720 1134 3773 od
1150 3720 1290 3776 (1001100101
1300 3723 1380 3779 disci-

909 3806 994 3877 potos
1011 3805 1208 3874 1000010101-
1219 3805 1285 3860 Cum
1301 3806 1333 3861 F.
1346 3807 1379 3860 H.

914 3889 1068 3944 L.M.P.V.
1077 3890 1261 3957 reposuismus
1270 3891 1379 3945 diceret.

873 3975 895 4007 ³¹
913 3975 944 4027 F.
964 3974 999 4027 Et
1017 3974 1189 4047 1001100101

263 4239 322 4276 vers
335 4156 480 4279 mssffivsbm
499 4159 594 4213 Lucre
613 4177 671 4229 cap.
691 4162 735 4214 cit.
754 4177 822 4215 vers.
843 4167 866 4216 7.
945 4163 967 4193 ²²
984 4161 1051 4214 Ibid.
1071 4177 1138 4215 vers.
1159 4167 1196 4214 11.
1255 4136 1290 4194 1·
1309 4163 1379 4216 lbid.
