2940 5040
151 300 230 368 XXX
297 359 299 364 ,
557 297 841 354 PROLEGOMENA.

152 474 261 550 XLIV.
293 474 323 546 1.
364 473 479 565 „Nulla
513 474 564 544 lex
598 473 717 570 populo
752 472 936 546 Christiano
971 487 1020 546 est
1052 476 1174 566 danda,
1209 479 1271 549 nisi

202 604 304 699 ipsius
321 601 424 698 Papae
443 602 641 692 auctoritate,
655 602 739 674 sicut
749 626 809 672 nec
820 602 924 697 aliqua
935 602 986 672 lex
997 604 1058 675 luit
1070 603 1140 675 data
1153 606 1272 701 populo

202 731 389 821 Israelitico,
425 730 488 800 nisi
516 728 678 800 mediante
704 729 813 823 Moyse
833 785 952 802 .....
975 731 1066 802 Sicut
1092 731 1271 826 Imperator

203 860 317 954 recipit
351 883 368 930 a
399 856 483 953 Papa
517 857 645 952 imperii
682 858 910 953 temporalium
944 859 1272 950 administrationem,

202 988 248 1058 sic
262 987 301 1059 ab
315 1010 352 1056 eo
365 985 479 1080 recipit
490 985 598 1078 legum
613 995 644 1055 et
654 994 846 1056 statutorum
860 983 929 1077 ejus
939 987 1202 1081 approbationem
1217 1041 1224 1055 .
1238 1041 1245 1054 .
1264 1042 1272 1056 .

203 1113 294 1185 Sicut
322 1111 391 1206 ejus
418 1113 531 1183 electio
566 1123 598 1181 et
624 1113 828 1184 confirmatio
855 1138 872 1182 a
899 1113 982 1208 Papa
1011 1115 1188 1208 dependet,
1223 1117 1270 1186 sie

201 1242 311 1337 legum
340 1252 371 1310 et
398 1250 591 1310 statutorum
620 1239 840 1335 approbatio.“

150 1402 261 1474 XLIV.
292 1403 325 1472 4.
371 1401 483 1493 „Sicut
509 1425 568 1497 per
594 1400 712 1496 Papam
741 1399 920 1497 Imperator
946 1413 977 1472 et
1002 1404 1109 1473 omnis
1128 1414 1271 1498 potestas

201 1531 392 1621 instituitur,
418 1529 444 1600 si
463 1529 546 1600 bona
566 1539 625 1619 est,
648 1539 679 1598 et
698 1530 881 1624 corrigitur,
897 1531 934 1600 ‚si
954 1554 1019 1600 non
1040 1531 1121 1602 bona
1141 1541 1199 1621 est,
1227 1532 1267 1601 ita

202 1657 310 1727 omnis
328 1657 388 1747 lex,
407 1680 642 1753 aquocumque
655 1656 786 1747 lerator,
804 1681 947 1753 pereum
968 1668 1016 1728 est
1028 1658 1267 1752 comprobanda

201 1785 227 1855 si
248 1784 330 1855 bona
351 1785 401 1876 sit,
428 1795 460 1855 et
476 1808 534 1879 per
561 1808 637 1855 eum
656 1794 705 1855 est
723 1785 926 1879 corrigenda,
953 1786 978 1856 si
1008 1810 1073 1854 non
1093 1785 1269 1856 bona'sitf‘

149 1945 273 2016 XLVII.
292 1946 326 2018 3.
355 1945 412 2038 „Si
432 1945 625 2018 examinatio
642 1959 674 2017 et
692 1946 894 2018 confirmatio
914 1946 1121 2043 Imperatoris
1147 1958 1270 2041 spectat

200 2073 239 2145 ad
268 2074 397 2170 Papam,
414 2084 552 2171 oportet,
574 2073 660 2170 quod
679 2073 897 2169 ImperiaIium
924 2075 1034 2170 legum
1054 2074 1270 2165 eorrfirmalio,

199 2203 248 2273 vel
281 2201 465 2297 reprobatio
500 2202 650 2273 similiter
685 2200 723 2272 ad
752 2201 858 2296 ipsum
893 2211 1016 2297 spectet
1035 2256 1146 2275 .....
1176 2200 1269 2273 Sicut

201 2331 308 2401 omnis
343 2330 477 2400 scientia
512 2329 701 2400 humanitus
735 2329 882 2419 inventa,
913 2340 962 2400 est
997 2330 1203 2426 imperfecta,
1236 2340 1267 2400 et

200 2456 356 2554 quaedam
393 2456 507 2528 umbra
549 2467 697 2550 respectu
732 2456 856 2526 divinae
890 2457 1060 2547 scientiae,
1094 2455 1139 2527 sic
1170 2456 1268 2552 Papa,

200 2585 253 2681 qui
269 2594 318 2654 est
332 2583 508 2654 armarium
527 2581 644 2653 Sacrae
660 2582 848 2678 scripturae,
867 2582 962 2655 debet
976 2584 1162 2680 Imperiales
1179 2585 1267 2679 leges

199 2713 361 2784 declarare
388 2720 420 2780 et
446 2710 631 2806 supplere.“

150 2961 236 3016 AUG.
261 2961 319 3014 ΤΒ.
337 2946 362 3014 1(
382 2965 400 3013 1.
421 2959 488 3023 [EX.
509 2959 536 3012 S.
554 2958 786 3014 BERNHARDO
805 2960 855 3013 DE
875 2959 1113 3014 CONSIDERA'P.
1138 2960 1197 3012 LIB
1218 2961 1264 3014 VI.

419 3060 595 3116 GOLDAST.
613 3061 644 3114 P.
661 3065 712 3125 83]
733 3060 774 3125 (D.
793 3061 880 3115 Mon.
901 3062 948 3115 111.
968 3066 1003 3126 9.)

199 3254 304 3338 Quem
334 3252 478 3346 gladium
506 3250 566 3352 (sc.
590 3250 818 3351 temporalem)
847 3264 938 3325 tuum
967 3256 1023 3343 (sc.
1042 3252 1155 3348 Papae)
1184 3278 1266 3344 esse,

198 3382 251 3478 qui
281 3392 385 3476 negat,
418 3406 483 3452 non
511 3382 587 3453 salis
615 3382 740 3453 videtur
765 3381 931 3451 attendere
960 3381 1092 3451 verbum
1122 3380 1266 3472 Domini,

197 3509 334 3581 dicentis
370 3511 432 3580 sic:
466 3521 638 3600 „converte
678 3509 821 3602 gladium
860 3518 972 3579 tuum
1012 3509 1046 3578 in
1083 3510 1264 3601 vagina1n“.

198 3636 309 3709 Tuus
337 3661 413 3732 ergo
435 3637 561 3731 gladius
576 3637 797 3732 evaginandus
813 3647 862 3707 est
876 3636 914 3706 ad
943 3647 1054 3706 tuum
1073 3635 1263 3731 imperium3

196 3764 351 3860 alioquin,
378 3764 405 3836 si
433 3764 521 3836 nullo
542 3764 639 3836 modo
658 3765 696 3835 ad
713 3774 743 3835 te
759 3763 948 3859 pertineret,
978 3762 1160 3834 dicentibus
1178 3763 1264 3859 Apo·

196 3892 305 3964 stolis:
341 3891 446 3982 „Ecce
474 3893 539 3964 duo
568 3891 663 3986 gladii
691 3891 781 3983 hic,“
815 3915 881 3961 non
911 3891 1131 3988 respondisset
1165 3891 1263 3980 „satis

172 4023 275 4111 '‘est“,
303 4019 370 4111 sed,
398 4044 482 4091 unus
510 4033 567 4093 est.
620 4019 766 4090 Potestas
795 4044 873 4114 ergo
897 4017 1134 4111 jurisdictionis
1170 4018 1263 4114 spiri·

155 4146 158 4151 ’
195 4147 332 4217 tualium
360 4160 392 4219 et
419 4148 646 4243 temporalium
682 4147 866 4218 immediata
900 4158 949 4218 est
982 4148 1016 4216 in
1051 4146 1120 4217 solo
1148 4145 1264 4240 Papa.“
1312 4228 1315 4232 Α
