2940 5040
340 332 474 388 nnnrls
493 334 711 390 nonnucnut
728 337 777 393 111.
796 337 825 393 c.
847 343 886 392 15.
906 342 969 404 (14.)
991 343 1027 394 rs.
1047 343 1107 405 (15.)
1222 337 1278 400 135

163 505 257 589 hujus
281 526 388 571 curam
403 528 467 573 non
482 508 630 574 habebat.
668 508 763 574 Velut
784 509 812 574 si
831 530 961 576 aureum
976 511 1116 593 sigillum
1137 514 1279 594 loquere-

161 610 220 690 tur,
245 607 285 675 de
308 629 342 675 se
365 609 488 675 dicens:
511 611 584 676 Non
606 631 675 675 sum
690 631 837 676 mensura
859 612 891 676 in
909 612 1017 693 aliquo
1040 632 1170 698 genere3
1196 615 1280 697 quod

160 710 291 790 quidem
321 710 440 776 dictum
467 732 530 777 non
558 712 656 778 habet
683 714 802 794 locum,
838 713 871 778 in
901 717 1052 795 quantum
1082 721 1130 782 est
1159 736 1279 798 aurum,

161 832 257 894 quum
281 813 322 877 sit
344 817 479 879 metrum
501 814 534 878 in
555 832 671 895 genere
686 815 900 896 metallorum,
924 814 982 881 sed
1002 814 1035 878 in
1057 824 1210 897 quantum
1232 822 1281 883 est

159 913 323 997 quoddam
345 915 471 998 signum
493 916 679 1000 receptibile
700 937 757 1001 per
778 916 1026 999 impressionem.
1299 924 1330 976 30

245 1017 392 1082 Eormale
422 1017 518 1099 igitur
546 1022 595 1082 est
623 1018 802 1100 Ecclesiae,
831 1017 912 1082 illud
939 1017 1025 1083 idem
1048 1017 1169 1101 dicere,
1198 1019 1280 1086 illud

158 1118 246 1184 idem
268 1120 394 1185 sentire.
439 1117 630 1202 Oppositum
653 1126 758 1186 autem
782 1119 887 1186 dicere
909 1121 962 1185 vel
993 1121 1126 1203 sentire,
1157 1126 1278 1187 contra-

157 1221 240 1286 rium
262 1222 392 1303 formae,
415 1227 449 1285 ut
471 1226 568 1305 patet,
591 1221 659 1286 sive
674 1227 816 1304 naturae,
839 1222 925 1303 quod
947 1223 1034 1287 idem
1050 1228 1106 1287 est.
1144 1223 1193 1286 Ex
1216 1243 1278 1304 quo

155 1322 335 1404 colligitur,
367 1322 453 1404 quod
474 1324 575 1390 virtus
603 1324 820 1391 auctorizandi
841 1343 972 1405 regnum
995 1324 1070 1406 hoc,
1100 1324 1142 1389 sit
1170 1330 1279 1390 contra

156 1430 306 1488 naturam
327 1424 507 1491 Ecclesiae:
536 1427 744 1492 contrarietas
773 1427 858 1493 enim
879 1426 912 1489 in
934 1427 1084 1511 opinione
1106 1426 1159 1492 vel
1182 1425 1276 1508 dicto,
1296 1434 1327 1485 35

154 1525 301 1606 sequitur
323 1547 364 1591 ex
387 1527 609 1594 contrarietate
638 1549 720 1610 quae
752 1533 800 1595 est
828 1528 860 1592 in
891 1547 924 1592 re
948 1528 1034 1593 dicta
1056 1529 1108 1593 vel
1132 1528 1276 1613 opinata3

155 1628 240 1692 siout
263 1648 373 1692 verum
395 1635 427 1692 et
448 1629 564 1693 falsum
586 1631 628 1695 ab
651 1651 722 1696 esse
740 1630 795 1711 rei,
820 1629 872 1695 vel
894 1650 957 1694 non
980 1650 1059 1713 esse,
1083 1630 1116 1695 in
1137 1629 1279 1696 oratione

157 1735 322 1811 causatur,
357 1734 391 1794 ut
424 1728 568 1799 doctrina
601 1731 935 1797 Praedicamentorum
967 1751 1025 1797 nos
1054 1730 1155 1798 docet.
1209 1729 1277 1796 Sui-

154 1831 300 1897 ficienter
322 1831 417 1912 igitur
439 1851 496 1915 per
518 1838 704 1913 argumenta
726 1833 903 1916 superiora,
937 1831 1080 1898 ducendo
1107 1831 1149 1896 ad
1171 1833 1276 1900 incon·

156 1934 304 2015 veniens,
344 1933 512 2016 probatum
546 1938 593 1998 est
632 1934 853 2000 auctoritatem
889 1934 1019 2017 Imperii
1055 1934 1097 1998 ab
1133 1934 1278 2000 Ecclesia
1296 1943 1328 1993 to

154 2034 286 2098 minime
309 2033 498 2118 dependere.

547 2209 668 2282 [curor
690 2223 760 2270 xvr.
784 2202 888 2290 (xv.)l

242 2339 332 2404 Licet
354 2340 386 2404 in
409 2338 611 2425 praecedenti
628 2339 785 2424 Capitulo,
809 2341 953 2407 ducendo
975 2341 1019 2406 ad
1040 2341 1275 2422 inconveniens,

152 2445 321 2507 ostensum
354 2443 409 2523 sit,
448 2441 668 2507 auctoritatem
699 2442 829 2525 Imperii
861 2443 901 2507 ab
940 2443 1128 2509 auctoritate
1162 2443 1276 2507 summi

155 2542 318 2610 Pontificis
347 2565 410 2608 non
440 2543 577 2626 causari3
611 2563 674 2608 non
710 2547 817 2608 tamen
853 2544 978 2610 omnino
1017 2545 1186 2627 probatum
1217 2548 1274 2625 est,

154 2645 261 2729 ipsam
282 2645 465 2710 immediate
488 2644 669 2729 dependere
692 2666 712 2709 a
733 2646 822 2727 Deo,
845 2646 906 2710 nisi
929 2667 975 2712 ex
998 2645 1273 2727 consequenti.

155 2747 361 2828 Consequens
384 2747 468 2814 enim
490 2751 553 2830 est,
577 2747 604 2811 si
626 2748 668 2812 ab
690 2747 759 2832 ipso
782 2747 845 2812 Dei
875 2747 993 2813 vicario
1018 2768 1082 2813 non
1105 2745 1272 2832 dependet,
1292 2761 1306 2808 s

155 2849 242 2930 quod
264 2870 284 2913 a
306 2851 376 2915 Deo
400 2846 591 2933 dependeat.
637 2849 677 2913 Et
698 2848 787 2932 ideo,
816 2848 859 2913 ad
887 2850 1061 2931 perfectam
1084 2848 1272 2914 determina-

154 2951 273 3017 tionem
296 2950 465 3035 propositi,
489 2950 700 3016 ostensive
723 2948 923 3035 probandum
946 2954 1008 3032 est,
1034 2951 1272 3032 Imperatorem,

153 3053 224 3118 sire
247 3050 356 3117 mundi
377 3051 598 3134 Monarcham,
622 3050 804 3116 immediate
827 3071 862 3117 se
885 3052 1004 3118 habere
1027 3051 1070 3117 ad
1092 3051 1272 3136 Principem

154 3154 310 3236 universi,
334 3153 389 3235 qui
411 3153 499 3218 Deus
521 3157 578 3219 est.

182 3341 204 3372 ²⁷
222 3339 253 3392 F.
271 3338 304 3392 de
322 3354 350 3391 se
369 3339 427 3408 r'pso
446 3337 537 3392 dicens
768 3338 791 3370 ³⁹
807 3338 839 3391 F.
859 3336 1036 3407 Sufficienter
1055 3353 1120 3408 erpo

182 3427 214 3490 ²⁷,
226 3425 288 3477 28Ρ.
307 3439 407 3495 penore
416 3422 465 3475 scd
481 3421 612 3492 quicquid
624 3420 687 3476 dict.
825 3422 903 3475 Ell.
915 3421 1028 3474 dicendo
1038 3421 1273 3476 odirrcoovom'cns

179 3511 204 3544 ²⁸
221 3509 254 3561 A.
274 3507 305 3560 V.
325 3508 352 3560 in
371 3512 501 3576 quoldum
520 3513 559 3559 est
576 3522 689 3560 aureum
741 3505 805 3577 Cap.
823 3507 895 3560 XVl.
932 3505 991 3558 21².
1013 3513 1147 3560 ostensum
1164 3506 1221 3575 fuit

179 3594 205 3626 ²⁹
222 3594 254 3645 V.
273 3608 333 3646 cum
351 3593 387 3645 sit
403 3592 519 3646 rnr'atcon
544 3592 572 3643 to
589 3607 690 3660 penore
784 3591 843 3645 5Ιῖ.
862 3591 938 3646 Coos.
956 3593 1026 3644 carim
1044 3597 1091 3656 est,
1111 3590 1186 3661 quod
1202 3591 1228 3644 si

179 3680 203 3711 ³¹
222 3677 253 3731 F.
273 3675 401 3730 Formole
418 3692 483 3744 erqo
501 3680 541 3728 est
782 3676 985 3731 “Recentiores
1003 3677 1071 3731 male
1089 3676 1163 3747 quod
1179 3693 1196 3729 o
1214 3674 1272 3730 Deo

180 3763 204 3795 ³⁶
221 3762 256 3814 V.
275 3777 346 3831 quoe
362 3762 485 3830 sequitur
497 3760 541 3813 vel
556 3768 596 3813 est
612 3761 640 3814 io
658 3777 688 3813 re
806 3760 942 3832 dependat

221 3846 295 3902 dicta
823 3846 860 3899 M.
878 3847 915 3900 od
933 3847 1088 3918 perfectam
1106 3845 1272 3899 demonstra-

179 3933 202 3965 ³⁷
221 3931 257 3985 Μ.
276 3933 347 3985 sicat
364 3945 455 3982 veram
474 3928 516 3982 vel
530 3928 633 3998 fulsum
807 3933 904 3986 tiotrem
918 3933 1058 4002 propositi

222 4103 245 4134 ³⁷
264 4099 357 4154 Oratio
376 4097 507 4168 quaedam
524 4099 565 4153 rel
578 4100 726 4168 propositio
744 4098 815 4154 falsa
833 4107 883 4164 est,
901 4115 956 4153 non
974 4099 1118 4153 exsistente
1136 4115 1173 4162 re,
1192 4116 1270 4168 quam

149 4169 326 4223 exsistentem
339 4167 508 4236 supponebat
521 4168 576 4233 illa,
596 4172 648 4222 cte
663 4183 801 4227 converso.
819 4169 888 4223 siout
897 4167 1097 4223 demonstratur
1108 4167 1136 4221 in
1148 4166 1271 4222 doctrina

149 4237 186 4292 de
205 4236 441 4305 praedicamentis,
460 4235 515 4290 sire
534 4235 683 4304 categoriis.
