2940 5040
198 334 240 392 44
502 333 637 388 usurus
655 332 876 388 uouxscsrx
895 334 931 387 11.
950 309 972 389 ἑ.
991 336 1016 388 a.

195 507 292 590 juxta
312 507 394 571 illud
415 505 659 589 Evangelieum,
686 504 829 589 „Eadem
851 526 1013 589 mensura,
1044 525 1107 586 qua
1128 506 1232 571 mensi
1254 507 1314 573 fue-

200 609 284 693 ritis,
313 607 494 674 remetietur
523 606 650 672 vobis“:
690 607 828 673 maxime
856 608 972 692 nobili,
1002 608 1141 674 maxime
1168 628 1317 694 praeesse

150 709 358 782 reconvenit.
404 707 673 794 Subadsumptam
696 729 787 792 vero,
816 709 998 776 testimonia
1024 714 1166 776 veterum
1189 731 1317 796 persua

202 812 292 896 dent,
315 832 389 875 nam
405 810 531 876 divinus
545 816 642 895 poeta
656 815 762 877 noster
777 810 996 896 Virgilius,
1019 832 1077 897 per
1091 816 1193 877 totam
1205 811 1318 880 Aenei-

202 913 283 998 dem,
306 912 479 995 gloriosum
501 932 608 995 regem
624 912 775 996 Aeneam,
798 917 922 997 patrem
936 913 1073 979 Romani
1095 914 1209 999 populi
1224 914 1320 982 fuisse

200 1021 334 1082 testatur
355 1015 388 1079 in
410 1015 596 1080 memoriam
618 1015 852 1099 sempiternam.
899 1015 992 1094 Quod
1020 1015 1138 1080 Titus
1161 1015 1319 1103 Livius,

201 1122 362 1199 gestorum
388 1116 603 1181 Romanorum
632 1117 737 1182 scriba
765 1116 924 1200 egregius,
960 1116 993 1182 in
1020 1118 1124 1202 prima
1150 1123 1245 1201 parte
1272 1119 1320 1184 sui

93 1258 99 1265 κ
151 1243 184 1291 25
201 1217 387 1301 voluminis,
411 1237 492 1299 quae
516 1239 535 1282 a
558 1223 652 1302 capta
666 1218 765 1302 Troja
787 1219 883 1282 sumit
905 1218 1087 1303 exordium,
1116 1224 1318 1287 contestatur.

202 1321 264 1401 Qui
286 1320 415 1403 quidem
438 1319 661 1386 invictissimus
684 1326 780 1402 atque
801 1320 962 1403 piissimus
976 1325 1082 1406 pater,
1107 1327 1247 1402 quantae
1269 1343 1319 1389 no

202 1423 336 1487 bilitatis
366 1421 414 1485 vir
441 1421 550 1505 fuerit,
578 1443 641 1487 uon
669 1423 772 1489 solum
795 1441 852 1488 sua
879 1419 1079 1487 considerata
1100 1422 1237 1508 virtute,
1266 1423 1320 1490 sed

202 1524 439 1608 progenitorum
461 1542 588 1589 suorum
610 1528 706 1606 atque
723 1544 865 1608 uxorum,
890 1543 1021 1606 quorum
1040 1530 1247 1608 utrorumque
1267 1547 1317 1592 no

203 1625 312 1690 bilitas
326 1623 521 1690 hereditario
540 1625 612 1707 jure
634 1625 667 1689 in
682 1626 786 1709 ipsum
802 1625 961 1709 confluxit,
984 1625 1196 1709 explicare
1213 1626 1318 1708 nequi-

153 1750 184 1800 30
203 1747 285 1810 rem,
309 1725 367 1792 sed
389 1746 512 1791 summa
534 1745 649 1807 sequar
671 1727 808 1809 vestigia
828 1747 940 1793 rerum.

287 1830 445 1908 Quantum
479 1846 554 1909 ergo
588 1827 631 1892 ad
671 1829 876 1915 propriam
916 1828 1004 1912 ejus
1043 1829 1318 1914 nobilitatem,

231 1980 252 2012 ¹⁸
270 1980 303 2033 A.
324 1980 355 2032 F.
373 1980 404 2033 L.
427 1980 458 2033 V.
477 1981 557 2033 mesra·
813 1979 839 2011 ²⁰
855 1978 925 2032 Edd.
938 1984 994 2032 ant.
1006 1977 1060 2044 Qui
1075 1979 1149 2048 quid.
1165 1981 1319 2035 mitissimus

228 2066 251 2098 ²⁰
268 2067 302 2120 A.
319 2064 354 2117 H.
373 2065 404 2118 L.
425 2064 455 2117 P.
472 2065 504 2119 V.
522 2065 736 2120 suboscuram——
814 2064 834 2095 ²⁷
852 2065 884 2116 A.
897 2063 927 2117 F.
940 2063 972 2116 H.
982 2064 1014 2117 L.
1024 2063 1147 2117 P.-M.
1166 2065 1222 2119 vita
1236 2065 1320 2135 fucrit

269 2149 306 2204 Μ.
326 2151 493 2204 sudassumte
653 2167 663 2188 ·
856 2178 888 2187 -
907 2149 939 2207 V,
960 2154 993 2202 et
1004 2148 1073 2202 Edd.
1092 2148 1223 2202 omittunt
1240 2151 1281 2204 vir

288 2235 320 2287 A.
340 2234 370 2286 F.
390 2234 423 2287 H.
441 2235 472 2286 L.
493 2234 523 2288 P.
540 2233 571 2284 V.
595 2264 628 2271 —
652 2231 688 2284 Μ.
711 2236 737 2284 et
872 2232 942 2286 Edd.
961 2233 1032 2287 inter
1048 2233 1097 2288 red
1119 2239 1146 2287 et
1164 2235 1319 2306 proamita-

270 2320 331 2372 libri
361 2319 485 2388 impressi
516 2325 633 2372 orimum
664 2317 735 2369 terti·
854 2334 914 2370 rum
932 2317 1055 2371 inserunt
1071 2321 1110 2383 et,
1129 2318 1201 2386 quod
1215 2319 1320 2373 abesto

270 2406 361 2458 oretria
856 2402 1001 2457 codicibus.

287 2489 320 2542 A.
338 2488 370 2544 F.
388 2488 422 2542 H.
442 2488 474 2541 L.
484 2488 520 2540 M.
539 2487 570 2540 P.
582 2487 615 2541 V.
624 2517 658 2524 ·-
666 2486 735 2540 Edd.
813 2486 837 2519 ²⁸
854 2489 886 2540 A.
905 2489 1059 2558 qenilorum

269 2573 384 2628 suadent
816 2571 838 2604 ³¹
856 2572 890 2624 A.
908 2578 934 2626 et
951 2572 983 2625 F.
1002 2588 1056 2627 non
1074 2572 1176 2627 habent
1194 2575 1257 2644 ejus

228 2659 253 2692 ²2
270 2658 302 2713 F.
320 2658 350 2711 P.
369 2657 594 2729 qiuriose‘ssr'mum

446 2791 527 2846 Uomo
544 2791 644 2863 qeott'l,
660 2791 709 2845 cde
721 2796 780 2861 pud
799 2792 903 2858 dicere,
922 2798 966 2857 „io
983 2795 1031 2863 fui

440 2860 554 2930 Nr'pote,
573 2860 682 2930 ofiqlr'o
700 2860 730 2914 di
746 2861 820 2914 cotol
835 2861 971 2924 valerrte‚“

443 2927 552 2982 Berrclri
568 2929 610 2982 sia
628 2929 664 2982 da
682 2930 778 2982 triente.

440 2995 488 3050 Ma
507 2997 633 3050 vilissimo
650 2997 755 3051 sembra
773 3014 790 3050 a
809 2995 853 3050 chi
869 2997 888 3050 ’ί
904 3013 950 3051 ver
966 3005 1052 3069 quota

443 3065 493 3119 Uari
509 3066 523 3118 ὲ
539 3072 629 3119 scorto
647 3065 668 3118 il
684 3065 819 3119 summitto
837 3081 851 3117 e
865 3067 964 3136 porciu
982 3066 1069 3120 derra.

204 3147 276 3216 Quos
294 3163 387 3202 versus
405 3149 433 3202 iu
452 3148 577 3202 Convivio
597 3149 652 3214 (IV.
675 3154 708 3207 3.)
733 3148 772 3202 ita
795 3154 1003 3204 commentatur:
1030 3151 1165 3222 Foderr‘qo
1189 3152 1220 3206 di
1236 3151 1324 3208 Soavc

205 3256 248 3269 ...
268 3215 433 3270 demandato
451 3215 501 3270 cte
517 3217 594 3286 fosse
611 3218 774 3287 qentilezza,
791 3220 911 3288 rispose:
938 3218 1050 3286 „CA'era
1070 3221 1161 3275 antica
1178 3219 1323 3276 rucuma

204 3301 219 3338 e
237 3285 274 3339 be’
293 3288 424 3339 costumi“
435 3324 441 3337 .
453 3327 459 3338 .
473 3325 495 3336 ..
531 3287 556 3336 E
575 3285 635 3339 dico
653 3284 701 3338 cde
719 3291 814 3354 questu
833 3288 960 3356 opinione
976 3288 990 3341 ὲ
1007 3289 1088 3357 quusi
1103 3287 1134 3342 co·
1150 3290 1213 3342 tutte·
1230 3288 1323 3344 coloro

205 3351 253 3406 clue
269 3352 359 3421 fanno
377 3352 463 3407 altrat
477 3352 579 3424 ueritate
591 3370 646 3425 per
663 3353 790 3407 esseredr'
800 3356 937 3425 prooemia
955 3355 1127 3425 tanqameate
1141 3360 1215 3418 statu
1232 3359 1325 3422 ricem·

205 3422 354 3476 cortoiossr'u
361 3435 424 3475 cosa
431 3419 479 3474 cdi
488 3423 569 3490 quasi
578 3423 642 3475 tutti
649 3420 704 3477 cosi
715 3421 832 3475 lutrano.
843 3452 869 3460 —
880 3420 1325 3479 Cf.etAucroa1sParad.XV1.1.

445 3505 467 3560 0
482 3523 555 3576 poca
572 3513 666 3561 nostru
683 3506 786 3561 uotiua
804 3506 833 3560 dr·
849 3511 969 3577 satoque!

511 3571 547 3627 Se
564 3575 671 3644 qlorior
688 3574 718 3628 di
734 3581 759 3627 te
778 3574 804 3627 lu
821 3581 901 3644 qeute
916 3575 964 3645 fai

510 3640 651 3713 Quaqqiri,
669 3642 736 3697 dove
755 3642 865 3712 daffetto
883 3649 976 3698 nostro
997 3645 1110 3715 ianque,
1213 3668 1215 3672 ⁸

443 3760 557 3815 Mirabil
570 3777 635 3815 cora
653 3777 708 3814 nou
725 3762 764 3814 mi
779 3764 844 3814 sard
861 3763 931 3826 mui;

513 3827 564 3883 Chi
582 3828 622 3891 ld,
641 3828 708 3882 dove
725 3831 846 3901 appetito
864 3846 919 3883 aon
937 3831 962 3883 si
979 3836 1067 3892 torre,

510 3896 579 3952 Dico
597 3897 643 3951 trel
657 3896 739 3961 ciclo,
757 3901 784 3952 io
802 3913 844 3950 me
860 3915 894 3951 oe
911 3897 1021 3968 alarici.

452 3975 458 3998 Ι

444 4013 503 4068 Bra
521 4017 562 4068 sei
578 4023 606 4069 tu
622 4020 713 4068 mureto
732 4013 780 4068 ede
797 4021 866 4069 tosto
883 4031 1024 4084 roccorce,

510 4082 621 4148 Sioda,
639 4099 668 4137 se
686 4099 740 4137 noa
757 4083 873 4154 s'apport
893 4084 923 4138 di
938 4084 981 4139 die
998 4087 1026 4139 ia
1043 4084 1100 4150 die,

510 4150 551 4205 Lo
570 4159 658 4223 trumo
676 4168 709 4207 ou
728 4151 854 4206 diuturno
873 4167 923 4206 coa
942 4153 966 4206 le
981 4154 1070 4222 force.

277 4251 298 4282 ¹⁸
314 4251 420 4306 Evuuo.
439 4252 592 4307 Maurarum
611 4259 633 4307 7.
651 4271 674 4307 v.
693 4258 717 4307 2.
