2940 5040
334 331 469 386 DANTls
487 331 708 386 MONAROHIA
725 333 759 387 11.
780 333 809 389 ο.
829 338 868 389 12.
888 339 952 402 (ro.)
972 341 1010 391 13.
1030 342 1091 402 (ιι.)
1235 335 1272 398 81

154 505 195 571 de
233 504 363 586 Virgine
397 505 514 586 Matre,
558 510 592 569 ut
627 506 661 570 in
694 506 752 572 illa
794 508 947 591 singulari
980 509 1105 590 generis
1146 511 1277 577 humani
1294 528 1326 580 30

155 606 369 691 descriptione
397 606 500 671 Filius
528 607 600 690 Dei,
630 608 724 674 homo
754 609 870 692 faetus,
894 611 989 676 homo
1012 613 1274 699 conscriberetur,

152 707 241 790 quod
263 709 322 774 fuit
344 707 426 773 illud
440 709 599 793 prosequi.
638 709 680 773 Et
701 710 781 777 forte
797 712 935 777 sanetius
952 717 1000 777 est
1015 711 1171 793 arbitrari,
1195 711 1274 776 divi-

151 810 237 874 nitus
265 809 347 873 illud
376 809 515 876 exivisse
544 831 602 895 per
631 809 816 898 Caesarem,
853 819 888 878 ut
921 811 976 895 qui
1008 817 1098 877 tante
1131 818 1276 898 tempora

152 912 248 977 fuerit
263 916 475 996 exspectatus
489 914 523 977 in
537 913 689 978 sooietate
704 912 894 994 mortalium,
918 931 988 977 eum
1003 915 1191 980 mortalibus
1206 915 1276 1000 ipse

151 1033 186 1079 se
210 1014 418 1095 consignaret.
1294 1037 1326 1087 as

238 1115 324 1198 Ergo
348 1116 501 1198 Christus,
524 1116 669 1198 Augusti,
692 1117 906 1182 Romanorum
929 1117 1116 1183 auctoritate
1143 1118 1273 1202 fungen-

152 1218 202 1300 tis,
227 1217 366 1284 ediotum
389 1218 456 1284 fore
475 1218 607 1302 justum,
631 1238 727 1302 opere
749 1217 918 1301 persuasit.
966 1218 1007 1282 Et
1030 1238 1126 1301 quum
1148 1240 1168 1284 a
1186 1221 1274 1304 juste

151 1320 289 1401 edieere,
309 1318 490 1402 jurisdictio
513 1325 678 1404 sequatur,
701 1339 833 1386 neeesse
855 1324 914 1402 est,
937 1326 970 1383 ut
990 1321 1045 1403 qui
1063 1321 1184 1404 justum
1207 1321 1273 1389 edi·

151 1427 239 1487 etum
261 1422 435 1505 persuasit,
455 1420 710 1505 jurisdictionem
733 1422 831 1488 etiam
852 1422 1055 1506 persuaserit,
1079 1442 1161 1504 quae
1183 1424 1211 1490 si
1232 1424 1274 1491 de

148 1522 222 1606 jure
244 1542 308 1587 non
330 1528 413 1594 erat,
437 1523 557 1606 injusta
578 1528 656 1588 erat.
1293 1546 1325 1598 40

237 1622 279 1688 Et
299 1623 483 1707 notandum,
508 1624 594 1705 quod
612 1630 832 1707 argumentum
855 1631 1015 1710 sumptum
1030 1625 1073 1690 ad
1087 1625 1272 1694 destructio-

150 1745 224 1791 nem
254 1721 490 1808 eonseouentis,
521 1726 597 1792 lieet
625 1725 666 1790 de
694 1746 752 1791 sua
781 1726 882 1793 forma
912 1748 970 1812 per
999 1727 1140 1808 aliquem
1169 1729 1275 1794 loeum

150 1831 275 1911 teneat,
299 1832 405 1892 tamen
428 1827 493 1892 vim
515 1847 606 1892 suam
627 1848 686 1912 per
707 1827 879 1895 secundam
907 1829 1041 1909 figuram
1063 1829 1216 1912 ostendit,
1246 1831 1274 1896 si

149 1928 334 2011 reducatur,
364 1930 446 1994 siout
474 1931 694 2011 argumentum
724 1950 745 1995 a
774 1931 932 2013 positione
966 1931 1184 1996 antecedentis
1216 1952 1275 2016 per

149 2030 295 2116 primam.
346 2030 520 2113 Reduoitur
547 2032 631 2096 enim
660 2032 720 2097 sie:
754 2030 855 2097 Omne
884 2031 1036 2114 injustum
1051 2020 1275 2116 'persuadetur
1292 2056 1324 2108 45

150 2134 285 2217 injuste:
315 2132 459 2198 Christus
487 2153 551 2199 non
579 2132 737 2218 persuasit
765 2131 898 2215 injuste:
927 2150 1002 2213 ergo
1030 2153 1095 2198 non
1115 2134 1274 2216 persuasit

150 2234 313 2318 injustum.
352 2235 379 2300 A
401 2234 559 2319 positione
582 2233 800 2301 antecedentis
823 2234 884 2299 sio:
906 2231 1008 2299 Omne
1031 2233 1182 2318 injustum
1203 2255 1273 2320 per·

149 2333 304 2402 suadetur
325 2337 458 2421 injuste:
482 2335 625 2402 Christus
643 2337 803 2421 persuasit
826 2333 986 2417 quoddam
1008 2335 1175 2419 injustum:
1198 2357 1273 2421 ergo

149 2438 311 2521 persuasit
331 2442 458 2522 injuste.

546 2610 667 2688 [carun
688 2627 763 2673 xrrr.
787 2604 881 2692 (xr.)]

235 2767 277 2832 Et
306 2769 334 2834 si
361 2770 539 2834 Romanum
566 2768 734 2853 imperium
762 2766 803 2835 de
827 2768 899 2852 jure
922 2768 1081 2852 nonfuit,
1105 2773 1273 2852 peceatum

176 2920 201 2952 ³⁰
219 2918 332 2975 Turrius
365 2926 392 2973 et
417 2919 519 2974 Fratie.
554 2918 687 2974 communi
825 2917 894 2972 Edd.
912 2918 998 2984 istud,
1016 2919 1057 2972 vel
1072 2918 1142 2974 illud
1158 2918 1273 2973 edietum

220 3003 369 3072 sphalmate
387 3010 418 3058 ut
435 3004 483 3059 illa
805 3001 1156 3058 —Oumcoddlaoitetiam
1164 3003 1273 3058 Fieinus

237 3088 316 3142 FP.
335 3088 368 3143 V.
388 3089 540 3160 singularis
764 3088 797 3153 44,
816 3089 840 3123 44
855 3089 889 3142 H.
908 3103 980 3158 quae
996 3089 1022 3142 si
1037 3089 1145 3144 omnino

178 3173 201 3206 ³¹
218 3173 253 3227 A.
271 3173 301 3226 P.
320 3173 487 3245 disceptione
764 3174 788 3206 ⁴¹
805 3173 839 3226 Η.
857 3173 889 3227 L.
909 3173 939 3226 P.
959 3175 995 3226 lr't
1011 3181 1076 3229 nota

236 3256 356 3312 Primum
383 3257 477 3324 homo,
512 3258 585 3328 quod
616 3257 687 3313 inter
764 3258 787 3290 ⁴⁴
804 3258 837 3312 F.
855 3258 890 3312 H.
909 3258 940 3311 L.
958 3258 997 3312 M.
1015 3256 1132 3311 V.-P.
1152 3258 1180 3312 in
1197 3264 1273 3314 textu

220 3342 296 3398 codd.
321 3359 391 3398 unus
415 3344 513 3398 omittit
537 3344 586 3408 M,
609 3344 688 3399 abest
805 3360 823 3397 a
828 3344 1025 3415 propositione,
1039 3343 1111 3412 quod
1121 3349 1273 3399 correctum

220 3429 255 3483 ab
274 3428 399 3484 omnibus
416 3429 562 3498 impressis.
805 3427 834 3481 in
860 3444 943 3497 marg.
969 3458 1000 3468 -
1025 3429 1058 3482 A.
1078 3428 1273 3499 aprobetr'oae

178 3513 202 3548 44
218 3512 287 3567 Edd.
308 3520 431 3588 tempora
449 3520 525 3569 tante
806 3543 837 3553 -
855 3512 923 3567 Edd.
942 3514 970 3567 in
983 3513 1122 3583 positione

178 3599 201 3631 44
219 3597 251 3651 L.
262 3598 299 3652 M.
319 3606 346 3653 et
363 3599 421 3653 edd.
438 3599 534 3669 suerat
551 3604 668 3670 ereepect.
824 3597 854 3650 F.
867 3599 954 3669 posit.
972 3599 1161 3666 consequentis

179 3683 209 3750 44,
221 3683 243 3715 ³⁷
261 3682 294 3736 A.
304 3684 338 3736 H.
355 3684 532 3754 fungente—
547 3683 579 3737 L.
589 3683 620 3737 P.
635 3683 687 3752 fin·
765 3683 788 3718 ⁴⁴
806 3682 838 3738 F.
872 3682 1055 3754 persuadetur
1085 3682 1217 3752 injustum
1245 3689 1273 3738 et

220 3769 309 3838 pentir
325 3799 360 3807 -
376 3769 415 3823 M.
433 3769 564 3838 facientis
801 3784 926 3839 pereum.
947 3768 1078 3839 injustum

178 3854 202 3886 44
219 3854 252 3907 A.
272 3854 305 3907 Η.
324 3853 357 3908 V.
376 3854 414 3907 ed
424 3855 503 3926 juste
765 3853 789 3887 44
805 3852 837 3906 F.
848 3853 882 3908 V.
885 3853 1069 3924 persuadetur
1079 3853 1160 3906 etiam
1171 3853 1272 3925 rajuste

180 3940 204 3972 44
220 3939 252 3993 F.
272 3940 413 3995 condicere
422 3971 457 3978 —
470 3939 504 3995 A.
522 3939 555 3994 V.
574 3937 687 3994 educere
1115 3949 1117 3953 ’

222 4102 245 4134 44
448 4143 454 4156 .
492 4141 497 4152 .
534 4142 540 4155 .
576 4100 604 4155 le
620 4099 698 4154 molti
713 4099 781 4153 enni
797 4099 943 4168 deprimere
959 4116 1029 4171 paee

153 4182 218 4237 dicit
234 4184 352 4238 Auerna
368 4184 396 4238 in
414 4183 524 4253 Purgat.
542 4185 576 4238 X.
595 4189 635 4238 35.
663 4184 703 4239 Ol.
722 4182 819 4237 Parad.
828 4183 927 4237 XXVI.
948 4188 1004 4238 119.
1075 4183 1097 4216 ⁴³
1116 4182 1183 4238 Vide
1201 4199 1270 4254 quae

151 4252 302 4307 notavimus
320 4252 355 4307 ad
373 4257 456 4321 eaput
473 4252 643 4308 undecimum
661 4252 738 4321 (vulg.
759 4256 809 4316 13.)
827 4251 890 4306 libri
905 4251 992 4321 primi.

1114 4341 1130 4391 o
