2940 5040
341 310 476 365 DANTIS
495 310 713 366 MONARCHIA
731 312 751 366 I.
770 311 799 365 C.
820 317 859 366 ll.
879 315 939 379 (13).
1168 311 1205 373 19

173 482 215 547 Ε1
242 482 346 567 prima
372 483 547 566 propositio
576 482 790 549 declaratione
818 484 1030 569 praecedente
1058 492 1206 571 apparet;
1224 505 1258 556 45

86 585 171 650 5115
201 585 247 650 515
276 583 466 668 ostenditur,
490 590 521 652 et
541 584 678 669 primurn
701 590 850 665 quantum
873 585 916 650 ad
937 588 1062 670 velle,
1092 586 1208 656 deinde

87 692 241 769 quantum
269 685 312 750 ad
339 704 473 769 posse:
509 686 562 751 Ad
590 685 784 753 evidentiam
811 686 929 772 primi
951 688 1126 754 notandum
1147 694 1205 774 est,

86 788 173 871 quod
194 787 336 854 iustitiae
350 786 488 854 maxime
511 788 720 854 contrariatur
734 788 901 873 cupiditas,
920 793 955 853 ut
970 790 1072 855 innuit
1085 791 1205 859 Aristo-

84 892 166 957 teles
188 889 222 954 in
244 890 354 971 quinto
376 889 419 954 ad
440 888 678 955 Nicomachum.
721 890 858 957 Remota
874 891 1048 974 cupiditate
1070 893 1207 978 omnino,

84 993 164 1058 nihil
193 991 334 1057 iustitiae
366 995 466 1057 restat
499 990 684 1075 adversum
720 990 804 1058 unde
833 993 990 1059 sententia
1018 993 1207 1077 Philosophi
1224 1013 1257 1062 55

84 1099 147 1178 551,
182 1098 218 1158 51
246 1112 329 1175 quae
357 1092 428 1174 lege
457 1090 661 1158 determinari
689 1098 837 1178 possunt,
870 1094 957 1160 nullo
985 1094 1079 1162 modo
1108 1094 1206 1161 iudici

83 1196 317 1278 relinquantur,
348 1198 380 1277 et
401 1194 462 1259 hoc
483 1199 568 1261 metu
591 1193 774 1279 cupiditatis
796 1194 866 1261 fieri
888 1202 1026 1282 oportet,
1056 1196 1096 1262 de
1118 1197 1206 1262 sacili

84 1302 207 1365 mentes
229 1295 392 1362 hominum
415 1294 640 1377 detorquentis.
684 1295 749 1362 Ubi
764 1315 840 1378 ergo
855 1319 918 1365 non
933 1304 983 1364 est
1005 1298 1091 1380 quod
1104 1298 1206 1383 possit

84 1400 203 1485 optari,
232 1397 431 1483 impossibile
453 1403 501 1462 cst
522 1396 568 1462 ibi
591 1396 798 1482 cupiditatem
820 1418 906 1484 csse3
931 1400 1097 1466 destructis
1119 1399 1204 1466 55155

83 1497 232 1582 obiectis,
266 1499 432 1584 passiones
461 1517 532 1565 esse
563 1519 625 1564 non
654 1506 794 1584 possunt.
846 1498 912 1567 Sed
939 1502 1112 1567 Monarcha
1139 1520 1253 1570 55555
1319 1509 1322 1514 ’

81 1602 179 1668 habet
201 1601 287 1684 quod
309 1600 412 1684 possit
433 1605 558 1685 optare3
582 1619 640 1665 sua
662 1620 799 1684 namque
820 1601 995 1669 iurisdictio
1019 1603 1204 1669 terminatur
1253 1667 1255 1672 ,

82 1704 211 1772 Oceano
233 1702 345 1786 solum,
370 1701 456 1783 quod
477 1723 540 1768 non
563 1701 716 1784 contingit
737 1703 933 1788 principibus
955 1703 1044 1788 aliis,
1072 1723 1204 1787 qnorum

80 1804 277 1890 principatus
305 1804 348 1869 ad
375 1803 458 1870 alios
485 1803 706 1888 terminantnr;
736 1810 771 1868 ut
799 1809 877 1887 puta
905 1805 1003 1886 Regis
1032 1806 1202 1893 Castellae,

81 1908 122 1973 ad
154 1907 247 1972 illum
282 1907 336 1989 qui
370 1906 469 1987 Regis
500 1905 693 1986 Aragonum.
743 1904 794 1971 Ex
829 1926 891 1988 quo
925 1908 1082 1993 sequitur,
1117 1908 1203 1990 quod

80 2010 253 2076 Monarcha
283 2008 529 2074 sincerissimum
556 2005 639 2071 inter
666 2009 817 2074 mortales
838 2008 979 2075 iustitiae
1008 2009 1110 2095 possit
1131 2028 1201 2076 5555
1220 2017 1252 2068 60

57 2172 59 2175 ,
81 2111 267 2177 subiectum.

164 2215 344 2296 Praeterea,
370 2209 637 2294 quemadmodum
655 2209 814 2294 cupiditas
834 2211 1033 2278 habitualem
1047 2211 1200 2278 iustitiam

82 2313 332 2407 quodammodo,
356 2318 643 2395 quantumcumque
665 2331 769 2394 pauca
776 2361 784 2394 ,
808 2313 983 2396 obnubilat,
1006 2314 1053 2380 sic
1075 2314 1200 2397 caritas,

100 2499 123 2530 ⁴⁵
141 2497 171 2550 F.
189 2496 223 2550 H.
243 2498 274 2551 L.
293 2496 332 2551 Μ.
344 2496 374 2551 P.
383 2496 458 2550 V.—
475 2495 545 2550 Edd.
565 2501 613 2550 515.
691 2497 713 2528 55
731 2496 762 2550 P.
781 2494 917 2552 bominum
936 2499 1087 2569 torquentis

146 2579 239 2635 Primo
253 2582 408 2652 propositio
689 2583 711 2614 ⁵⁷
729 2581 763 2634 H.
785 2580 891 2637 055555
909 2582 967 2636 5515

101 2667 124 2698 ⁴⁰
141 2667 173 2719 A.
183 2666 217 2719 H.
228 2666 266 2719 M.
276 2667 310 2719 V.
322 2665 472 2720 ostenditur
482 2672 508 2718 et
520 2666 613 2735 primo
732 2666 764 2718 F.
783 2666 858 2736 quod
873 2684 927 2722 nou
945 2668 1069 2723 corruerit

162 2751 192 2804 F.
212 2757 342 2820 quomam
363 2749 480 2804 decede
689 2753 711 2784 ⁵⁸
728 2753 761 2804 A.
782 2757 812 2803 ut
827 2757 896 2821 puto
915 2752 999 2822 Rapis
1019 2751 1128 2807 Cicilioe

99 2837 121 2868 55
139 2835 177 2888 M.
188 2834 301 2889 P.-in
317 2835 375 2889 aliis
395 2834 469 2888 deest
486 2842 524 2887 est
541 2834 613 2887 inter
689 2839 713 2869 ⁶⁰
730 2836 761 2888 F.
779 2838 851 2890 iutro
869 2837 996 2890 mortales

143 2919 614 2989 notandumctquocliustit.-Unus

143 3005 173 3058 F.
193 3005 275 3059 habet
292 3004 439 3067 scibilium,
458 3003 533 3073 quod
550 3005 611 3058 bist.

141 3159 166 3191 ⁴³
181 3156 324 3222 Iustitiam,
343 3155 452 3220 scilicet,
462 3156 628 3224 potissimam
638 3156 734 3210 essein
747 3155 855 3220 mundo,
874 3155 981 3224 quando
991 3155 1061 3210 inest
1076 3155 1197 3210 subiecto

73 3226 253 3280 uolentissimo
271 3231 298 3279 et
315 3224 510 3293 potentissimo.
580 3227 604 3258 ⁴¹⁶
621 3225 705 3289 Puta,
730 3223 883 3278 huiusmodi
914 3224 1001 3278 solum
1021 3223 1197 3278 Monarcham

74 3309 139 3348 5555.
210 3294 234 3326 ⁴⁰
252 3293 317 3362 Cap.
337 3298 361 3345 4.
399 3292 492 3346 Versic
511 3298 601 3347 vetus:
625 3292 722 3356 „Circa
747 3292 814 3346 alias
833 3291 939 3361 quidem
957 3307 1048 3346 omnes
1066 3290 1196 3346 iustifica-

71 3361 158 3416 tiones
177 3363 206 3426 (l
223 3376 319 3430 graece
338 3356 502 3426 ἀδικήματα,
520 3360 606 3415 555515
621 3361 703 3414 D1ou.
714 3361 837 3413 Lnnnnn
852 3365 867 3424 1
881 3365 950 3413 1572.
971 3358 1195 3425 ,‚iniustefacta“)

72 3429 103 3482 lit
120 3429 216 3484 relatio
243 3428 278 3482 ad
304 3428 438 3496 quandam
461 3428 590 3482 malitiam
615 3443 719 3509 semper
737 3469 817 3483 .....
852 3429 880 3482 si
898 3435 987 3482 autem
1005 3429 1127 3482 lucratus
1145 3432 1195 3494 551,

71 3514 104 3552 55
123 3513 158 3551 55
175 3497 210 3551 ad
227 3512 309 3552 unum
327 3497 463 3559 5551111555,
482 3496 587 3550 sedvel
610 3496 645 3550 ad
669 3497 852 3550 minstitiam.“
879 3527 909 3535 -
934 3496 1051 3550 Tironis
1069 3499 1195 3558 Aornum

68 3514 134 3620 ibib.
155 3565 202 3632 „Si
219 3565 316 3634 aliquis
334 3565 486 3618 inordinate
504 3565 626 3619 lucratus
644 3571 693 3630 est,
712 3564 859 3643 surripiens
874 3565 972 3629 511555,
990 3563 1042 3619 hoc
1053 3580 1106 3618 555
1115 3563 1194 3617 55515-

70 3634 140 3689 citur
158 3632 193 3687 ad
210 3635 327 3702 aliquam
336 3632 416 3687 aliam
425 3632 562 3698 malitium,
581 3633 627 3687 scd
639 3632 674 3686 ad
685 3631 964 3687 solaminiustitiam.“
1034 3635 1056 3666 ⁵⁰
1073 3632 1193 3686 5155555-

69 3718 154 3756 55555
173 3701 309 3756 Rhetoric.
327 3702 349 3755 I.
363 3706 384 3754 1.
405 3701 491 3765 (cuius
501 3701 563 3755 libri
571 3701 783 3765 translationem,
802 3700 910 3755 saeculo
921 3700 1040 3754 auctoris
1051 3699 1193 3768 cognitam,

68 3787 123 3825 non
141 3769 228 3824 habeo
247 3769 282 3823 ad
300 3776 406 3832 manus)
424 3767 568 3820 1115115515.
581 3810 586 3822 .
599 3809 605 3823 .
624 3770 751 3839 προςήκει
762 3768 826 3826 τοὺς
837 3765 928 3834 ὀρθῶς
937 3771 1075 3835 κειμένους
1084 3769 1193 3836 νόμους,

69 3837 121 3890 ὅσα
140 3836 286 3907 ἐνδέχεται,
307 3834 397 3888 πάντα
416 3836 545 3903 διορίζειν
563 3832 670 3895 αὐτοὺς,
689 3842 734 3887 καὶ
753 3833 795 3887 ὅτι
813 3833 942 3906 ἐλάχιστα
959 3835 1129 3888 καιαλείπειν
1148 3833 1192 3887 ἐπὶ

68 3911 125 3964 τοῖς
149 3905 282 3973 κρίνουσι.
324 3905 428 3968 (Versio
451 3905 822 3970 5155115555555511599.
866 3903 1001 3969 „Maxime
1022 3904 1104 3973 igitur
1127 3919 1192 3958 con·

68 3975 139 4029 uenit
157 3979 230 4028 recte
247 3974 317 4027 latas
336 3974 416 4042 leges,
435 3988 617 4041 quaecumque
634 3975 758 4052 possunt,
777 3971 865 4026 omnia
883 3973 956 4040 ipsas
975 3972 1146 4093 distinguere,
1164 3974 1192 4026 et

67 4058 146 4110 quarn
165 4041 329 4110 paucissima
346 4042 496 4108 relinquere
513 4041 546 4096 iis
570 4042 615 4109 qui
638 4041 797 4106 rudicant.“)
883 4041 1033 4095 ⁵⁷V1nom.
1080 4055 1151 4094 55555
1168 4039 1189 4093 1.

66 4115 124 4164 287.
154 4110 297 4164 Aucrosrs
316 4109 429 4179 epistola
445 4108 634 4163 adHeuricunr
644 4108 703 4162 Vll.
718 4112 768 4174 §t
799 4108 1144 4187 „Romanorumpctestas

66 4178 99 4232 de
118 4178 264 4233 inviolabili
290 4177 348 4233 iure
374 4177 473 4231 fluctus
500 4178 675 4247 Amphitrites
701 4178 848 4243 attingens,
876 4177 919 4231 vix
946 4178 980 4231 ab
1004 4176 1092 4232 mutili
1117 4175 1191 4230 unda

67 4246 168 4302 Oceani
187 4262 215 4301 se
233 4245 404 4314 circumcingi
422 4245 574 4314 dignatur.“

1008 4332 1039 4382 2*
