2940 5040
198 339 238 400 50
492 339 626 394 DANTIS
645 338 863 394 MONARCHIA
880 339 914 393 11.
933 339 963 394 O.
982 344 1006 394 l.

200 513 274 580 dine
310 513 531 597 proturbante,
572 511 708 578 victores
744 511 911 578 victoriam
949 512 1040 593 sequi
1070 531 1135 578 non
1166 512 1319 596 potuisse,

200 615 340 681 Livius
362 614 395 678 in
419 615 503 680 bello
526 614 645 679 Punico
667 614 748 680 inter
771 614 836 678 alia
857 618 949 694 gesta
972 613 1150 680 conscribit.

284 718 397 783 Nonne
418 715 568 781 transitus
591 715 775 782 Cloeliae
797 714 953 780 mirabilis
973 714 1046 798 fuit,
1077 735 1173 796 quum
1196 717 1319 801 mulier,

150 821 182 872 50
201 838 359 903 quumque
387 817 514 902 captiva
542 817 576 880 in
604 816 770 882 obsidione
797 818 973 899 Porsenae,
1003 817 1147 902 abruptis
1173 817 1320 903 vinculis,

199 923 279 988 miro
301 919 365 985 Dei
386 919 506 985 auxilio
529 917 656 1003 adjuta,
685 917 896 983 transnatavit
917 916 1074 1000 Tiberim,
1104 919 1186 985 sicut
1210 941 1319 987 omnes

199 1023 265 1090 fere
286 1021 409 1088 scribae
431 1022 594 1086 Romanae
622 1020 669 1084 rei
697 1017 739 1084 ad
761 1019 896 1099 gloriam
925 1018 1025 1101 ipsius
1048 1023 1319 1088 commemorant?

286 1123 340 1190 Sic
360 1124 454 1188 lllum
476 1141 604 1207 prorsus
619 1121 744 1206 operari
767 1120 916 1203 decebat,
940 1121 994 1201 qui
1017 1128 1131 1187 cuneta
1152 1124 1212 1189 sub
1235 1123 1317 1189 ordi-

199 1227 249 1292 nis
270 1221 506 1311 pulchritudine
520 1224 562 1288 ab
577 1227 706 1289 aeterno
728 1221 883 1307 providit3
907 1227 957 1304 ut,
981 1222 1051 1305 qui,
1074 1223 1228 1308 visibilis,
1252 1231 1319 1292 erat

150 1331 182 1382 55
200 1328 354 1394 miracula
374 1345 432 1408 pro
455 1324 668 1390 invisibilibus
692 1328 887 1407 ostensurus,
909 1321 1016 1408 Idem,
1045 1325 1234 1411 invisibilis,
1262 1349 1320 1412 pro

200 1429 382 1495 visibilibus
403 1427 461 1491 illa
487 1425 676 1492 ostenderet.

665 1599 787 1674 [carna
809 1598 851 1673 v]

288 1730 473 1811 Quicunque
494 1735 661 1814 praeterea
683 1731 800 1797 bonum
822 1731 1029 1814 Reipublicae
1051 1731 1203 1817 intendit,
1226 1733 1317 1799 finem

199 1833 281 1919 juris
303 1831 446 1898 intendit.
483 1831 639 1915 Quodque
661 1831 707 1896 ita
728 1837 894 1916 sequatur,
918 1833 964 1899 sic
978 1833 1167 1901 ostenditur:
1189 1835 1251 1902 Jus
1267 1842 1317 1919 ,est

229 1985 252 2017 55
269 1982 303 2037 H.
328 1983 361 2037 V.
378 2012 412 2023 -
438 1984 471 2036 A.
496 1982 528 2036 F.
550 1983 582 2036 L.
605 1982 642 2036 Μ.
660 1983 689 2035 Ρ.
708 1987 736 2038 11
813 1986 836 2018 55
853 1983 885 2036 H.
909 1983 985 2037 idern
1010 1984 1141 2039 invisibile
1166 2015 1201 2025 -
1228 1987 1260 2039 A.
1277 1985 1316 2041 ld.

270 2067 329 2123 edd.
348 2071 413 2121 antt.
427 2068 608 2138 perturbante
855 2067 974 2123 visibilis.

229 2154 254 2186 55
270 2153 300 2206 Ρ.
318 2154 411 2208 scribit
813 2154 835 2186 55
852 2154 885 2206 A.
908 2153 940 2206 L.
961 2153 995 2206 H.
1011 2170 1066 2224 pro
1085 2154 1264 2209 invisibilibus

226 2239 250 2270 ⁴⁰
267 2238 300 2291 A.
319 2237 350 2291 L.
367 2237 398 2290 Ρ.
418 2236 529 2292 Coclece
546 2267 579 2275 -
602 2236 636 2290 H.
657 2236 735 2291 Coloe
870 2237 1027 2293 Totiusloci
1035 2237 1234 2294 restitutionem
1243 2255 1317 2310 quam

269 2352 302 2361 -
319 2322 351 2376 V.
371 2321 479 2378 Coeclee
495 2353 529 2360 —
545 2321 578 2374 In
595 2321 625 2373 P.
643 2325 733 2375 tamen
869 2321 933 2375 olim
950 2324 1031 2376 talem
1050 2338 1258 2391 proposueram:
1281 2329 1317 2388 ut,

271 2406 542 2461 Cloelieinterliness
551 2406 735 2460 substitutum.
872 2408 922 2475 qui
937 2407 1049 2462 visibilis
1066 2407 1183 2462 visibilia
1194 2417 1257 2463 1111
1272 2409 1317 2462 mi<

230 2493 253 2525 55
269 2492 303 2545 Η.
324 2492 357 2545 L.
368 2492 405 2544 M.
420 2490 451 2543 P.
461 2491 494 2545 V.
504 2490 577 2544 -F.
593 2496 736 2561 quantum·
871 2491 1030 2562 raculapro
1040 2492 1219 2548 invisibilibus
1234 2500 1318 2548 osteu-

270 2593 384 2646 cnnrque
409 2581 480 2645 capt.
509 2605 543 2614 -
568 2575 601 2627 A.
628 2591 736 2645 quoqne
871 2590 965 2640 surus,
997 2577 1066 2631 idem
1098 2578 1243 2633 invisibilis
1268 2595 1319 2650 per

270 2668 340 2732 cept.
360 2690 391 2700 —
410 2659 480 2715 Edd.
499 2665 525 2713 et
542 2660 650 2730 captiva
871 2661 987 2715 visibilia
1019 2662 1067 2716 illc
1102 2679 1131 2717 se
1159 2663 1319 2731 ostenderet,

229 2747 251 2780 55
269 2746 302 2800 V.
322 2752 348 2799 et
366 2744 441 2799 editt.
459 2743 557 2814 adjuto
575 2744 683 2799 nrtoeilio
868 2745 925 2813 jam
942 2745 1115 2814 rejiciendam
1132 2761 1192 2802 esse
1211 2749 1299 2807 credo,

287 2830 319 2884 F.
337 2830 369 2883 L.
387 2829 418 2882 P.
436 2829 470 2883 V.
490 2830 685 2883 transtravit—
700 2830 735 2882 A.
787 2827 851 2896 Cap.
871 2828 903 2882 V.
940 2831 951 2862 5
968 2830 1000 2883 F.
1020 2829 1151 2902 Quodque
1168 2831 1218 2886 illa
1236 2862 1269 2872 -
1286 2832 1318 2886 F.

272 2916 380 2970 transiit
853 2915 990 2983 seqnitur,
1017 2931 1096 2983 quam
1121 2915 1266 2972 lectionem
1291 2918 1320 2972 in

230 3001 252 3034 55
268 3000 303 3053 Η.
322 3007 353 3052 ut
370 3001 420 3070 qui
435 2999 539 3054 visibile
556 3003 615 3053 ertu
642 3029 657 3035 -
689 2998 735 3052 Fi·
818 3061 822 3072 Ι
855 2998 914 3053 cod.
924 2999 956 3053 V.
967 3001 1084 3054 secunda
1093 3017 1187 3055 manus
1196 3001 1226 3056 in
1237 3018 1318 3071 marg.

271 3086 346 3139 cinus
374 3089 404 3137 ut
430 3086 480 3154 qui
509 3083 650 3139 invisibilis
676 3091 735 3137 eras
855 3084 971 3138 correxit

270 3168 366 3237 legisse
382 3167 487 3223 videtur

271 3305 295 3336 55
320 3303 412 3358 Minus
434 3303 469 3357 ad
491 3303 570 3356 L1v11
591 3304 682 3358 locum
706 3304 803 3358 XXVI.
836 3310 875 3357 11.
908 3304 1060 3374 respexisse
1090 3310 1156 3373 puto
1181 3312 1320 3362 auctorem

203 3387 282 3442 quam
307 3372 342 3425 ad
360 3372 488 3426 Ouosruu
505 3371 550 3425 lV.
570 3377 613 3426 ll:
644 3373 714 3438 „Ubi
731 3372 869 3442 expositae
890 3373 1024 3442 utrimque
1042 3373 1112 3428 acies
1131 3375 1319 3441 constiterunt.

201 3440 230 3494 in
248 3447 395 3509 conspectu
409 3440 520 3506 Romae,
537 3441 684 3520 praemium
701 3441 808 3495 victoris
826 3440 947 3506 futurae,
971 3446 1062 3496 tantus
1081 3441 1170 3496 subito
1189 3457 1219 3497 se
1235 3443 1321 3498 imber

202 3525 218 3564 e
234 3507 351 3562 nubibus
368 3508 498 3576 grandine
515 3513 613 3563 mixtus
632 3508 738 3575 effudit,
757 3515 788 3563 ut
805 3510 914 3563 turbata
932 3525 948 3562 a
991 3509 1051 3573 ina,
1069 3511 1113 3562 vix
1130 3511 1211 3564 armis
1230 3519 1319 3567 reten-

201 3577 245 3643 tis,
268 3577 297 3630 in
315 3591 365 3630 sua
383 3591 412 3631 se
429 3579 520 3630 castra
538 3576 719 3644 colligerent.“
789 3577 811 3610 55
828 3577 934 3630 Anann.
974 3593 1064 3631 renos.
1082 3576 1123 3632 De
1141 3578 1203 3633 viris
1220 3578 1319 3634 illustr.

203 3660 262 3712 cap.
284 3649 322 3698 13.
358 3643 477 3698 Onosrns
495 3645 513 3697 l.
533 3660 554 3698 c.
573 3644 600 3696 11
629 3650 651 3697 5.
689 3643 766 3710 „Nisi
783 3645 906 3698 hostem“
925 3644 1090 3710 (Porsenaml
1108 3684 1196 3709 ······
1218 3647 1320 3703 Cloelia

202 3712 351 3768 admirabili
377 3711 534 3767 transmeati
558 3711 675 3765 fluminis
701 3711 815 3766 audacia
841 3714 1031 3781 permovisset,
1056 3713 1178 3782 profecto
1204 3714 1321 3770 Romani

203 3780 335 3862 compulsi
352 3779 468 3834 luissent
485 3781 589 3848 perpeti
606 3786 654 3832 aut
671 3780 861 3861 captivitatem,
878 3780 956 3835 hoste
972 3781 1113 3835 insistente
1124 3783 1254 3850 superati,
1271 3791 1321 3838 aut

203 3854 373 3912 servitutem,
392 3854 500 3916 recepto
518 3847 575 3915 regi
598 3848 741 3916 subiectr.“
777 3848 816 3904 cf.
834 3849 941 3902 Lrvrnu
960 3849 994 3901 Π.
1017 3855 1052 3904 13.
1149 3852 1172 3883 55
1188 3850 1264 3906 Haec
1280 3852 1320 3906 ita

202 3915 374 3983 intelligenda
392 3932 451 3970 esse
468 3922 548 3985 puto:
572 3915 660 3980 Deus,
679 3916 742 3970 dum
759 3916 886 3983 visibilis,
904 3917 932 3970 in
951 3918 1059 3972 Christo
1077 3923 1160 3982 esset,
1180 3926 1211 3972 ut
1227 3919 1319 3974 inrisi-

201 3984 268 4039 bilia
277 3984 432 4038 Divinitatis
444 3998 544 4039 arcana
556 3983 749 4048 manifestaret,
760 3985 889 4039 miracula
900 3985 1051 4040 hominibus
1062 3984 1185 4040 ostendit.
1203 3985 1319 4042 'Eadem

202 4052 316 4110 ratione,
336 4052 419 4119 Deus,
438 4068 510 4107 nunc
527 4067 621 4106 rursus
637 4052 786 4118 invisibilis,
804 4053 838 4106 ad
851 4052 1054 4121 significandum
1062 4053 1215 4108 Romanum
1232 4055 1319 4124 Impe-

202 4118 273 4173 rium
294 4120 366 4175 orbis
385 4124 530 4187 terrarum,
548 4120 575 4175 id
592 4126 634 4174 est
651 4120 776 4176 effectum
793 4121 936 4187 visibilem,
953 4121 1077 4177 divinitus
1095 4137 1154 4177 esse
1168 4123 1320 4190 praedesti·

203 4192 311 4252 natum,
337 4189 467 4243 miracula
492 4189 641 4243 Romanam
668 4189 809 4244 historiam
834 4190 1043 4245 concomitantia
1070 4195 1196 4260 operatus
1227 4195 1319 4247 estet

203 4262 339 4323 operatur.
379 4256 418 4310 cf.
437 4273 520 4326 supra
538 4273 595 4326 cap.
619 4261 633 4310 2
649 4257 677 4311 in
695 4258 714 4310 f.
