2940 5040
496 318 783 375 Pnnuuuounna.
1119 320 1210 374 XXXI

365 573 450 629 AUG.
468 573 526 628 TR.
544 572 628 626 IBII).
649 573 691 636 (D.
711 571 794 627 ΜΘΝ.
812 573 859 626 ΙΙΙ.
881 578 928 635 10.)

138 731 193 823 „Si
223 732 423 822 inveniatur,
449 731 643 826 quandoque
677 730 802 826 aliquos
829 729 1044 827 Imperatores
1080 731 1206 803 dedisse

137 861 243 957 aliqua
260 857 448 953 temporalia
471 859 610 928 summis
629 856 849 947 Pontificibus,
876 858 960 929 sicut
975 857 1207 929 Constantinus

138 988 228 1058 dedit
243 985 411 1076 Silvestro,
427 985 487 1055 lroc
504 1010 570 1055 non
587 996 636 1055 est
652 984 911 1079 intelligendum,
930 985 1015 1082 quod
1032 1010 1129 1056 suum
1143 995 1206 1076 est,

138 1115 193 1188 sed
223 1113 422 1203 restituetur,
448 1113 532 1208 quod
562 1110 680 1206 injuste
707 1124 739 1183 et
766 1113 931 1207 tyrannice
959 1113 1099 1185 ablatum
1129 1116 1207 1185 ast.“

89 1241 228 1315 xxxvl.
258 1241 291 1311 3.
311 1241 487 1330 „silvester
504 1265 568 1311 uon
586 1240 709 1336 recepit
724 1239 776 1311 illa
804 1240 991 1335 temporalia
1008 1265 1025 1311 a
1047 1238 1205 1311 Constan-

139 1371 207 1440 tino
235 1379 391 1464 quantum
420 1368 458 1439 ad
488 1367 624 1438 dominii
653 1367 928 1461 recognitionem,
964 1367 1020 1439 sed
1048 1376 1203 1462 quantum

138 1497 176 1569 ad
194 1495 416 1567 immediatam
434 1495 616 1590 aliquorum
634 1495 863 1590 temporalium
882 1495 1206 1587 administrationem,

138 1647 276 1721 quorum
294 1622 438 1694 Ecclesia
465 1633 539 1694 ante
568 1647 633 1693 nou
651 1621 795 1713 lrabebat,
823 1632 854 1692 et
876 1635 1032 1718 quantum
1050 1622 1087 1693 ad
1106 1623 1207 1718 ipsius

138 1751 302 1823 Ecclesiae
330 1761 363 1820 et
389 1749 463 1820 lidei
492 1750 667 1821 catholicae
702 1749 928 1820 defensionem
952 1805 1089 1822 .....
1116 1749 1208 1820 Sicut

138 1880 245 1950 dictus
271 1876 505 1948 Constantinus
532 1887 605 1947 ante
633 1878 851 1973 receptionem
881 1878 1031 1973 baptismi
1059 1877 1207 1948 utebatur

138 2007 283 2079 dominio
320 2004 547 2101 temporalium
589 2005 753 2097 tyrannice
788 2015 819 2075 et
854 2005 1036 2101 usurpative
1068 2058 1206 2074 .....

137 2135 180 2205 ita
195 2133 419 2230 postmodum,
437 2133 521 2203 sicut
539 2130 597 2202 Dei
616 2131 773 2223 minister,
791 2156 870 2202 usus
888 2143 937 2203 est
955 2132 1009 2202 tali
1029 2131 1207 2202 dominio.“

89 2260 197 2333 XLlll.
230 2262 259 2333 1.
285 2260 450 2353 „Videtur,
477 2259 560 2356 quod
591 2257 822 2330 Constantinus
852 2283 915 2329 non
944 2259 1085 2355 potuerit
1103 2258 1205 2355 Papae

138 2400 261 2486 partem
282 2388 413 2484 lmperii
433 2387 623 2478 concedere,
650 2397 682 2457 et
708 2396 831 2482 partem
852 2386 912 2456 sibi
933 2410 1107 2477 reservare,
1133 2387 1204 2482 quia

138 2516 221 2588 bona
242 2515 429 2588 communia
449 2525 481 2584 et
499 2515 582 2586 bona
595 2506 802 2610 Reipublicae
823 2538 887 2584 non
908 2525 1046 2610 possunt
1064 2513 1206 2603 alienari,

137 2645 243 2736 vendi,
270 2644 318 2713 vel
346 2643 551 2715 commutari.
608 2641 666 2712 Est
693 2642 878 2733 dicendum,
907 2642 992 2737 (prrod
1021 2642 1104 2712 bona
1132 2640 1205 2711 Rei·

137 2772 284 2868 publicae
313 2795 379 2842 nnn
407 2781 548 2866 possunt
565 2770 709 2859 alienari,
727 2769 782 2839 sel
811 2769 893 2840 bene
923 2779 1059 2865 possunt
1086 2769 1118 2839 iu
1140 2793 1205 2838 me-

139 2899 252 2970 liorem
273 2922 368 2969 usum
383 2898 587 2987 commutari,
599 2906 630 2966 et
645 2897 712 2966 Deo
731 2896 841 2987 dicari,
859 2923 876 2966 a
896 2922 958 2992 tpno
978 2897 1206 2992 recipiantur.“

86 3027 196 3099 XLlV.
225 3027 258 3097 2.
285 3025 450 3116 „Videtnr,
478 3024 562 3121 quod
583 3023 817 3096 Constantinus
846 3049 910 3094 non
938 3024 1079 3120 potuerit
1102 3023 1204 3119 Papae

137 3154 357 3225 immediatam
393 3152 708 3221 administrationem
735 3150 865 3247 lmperii
902 3150 1097 3241 concedere,
1132 3151 1204 3246 quia

137 3281 227 3371 illud,
255 3280 338 3377 quod
369 3304 433 3350 nou
454 3289 559 3374 potest
578 3279 689 3373 recipi,
716 3301 782 3348 non
800 3288 906 3375 potest
934 3279 1018 3366 dari;
1045 3278 1100 3349 serl
1120 3278 1203 3374 Papa

133 3419 170 3482 et
197 3408 251 3480 alii
272 3407 479 3479 ecclesiastici
498 3407 556 3477 viri
578 3430 642 3476 non
662 3417 800 3501 possunt
821 3406 964 3502 recipcre
981 3406 1203 3476 immediatam

136 3535 452 3608 administrationem
471 3534 696 3630 temporalium
718 3588 838 3604 .....
858 3533 1018 3628 Propheta
1037 3531 1137 3603 David
1157 3532 1203 3602 sic

136 3664 196 3734 ait:
214 3662 271 3755 „lu
290 3687 389 3737 manu
402 3673 466 3753 tua,
485 3661 635 3752 Domine,
651 3663 751 3733 virtus
765 3686 801 3732 ac
812 3661 964 3757 potentia,
980 3662 1012 3730 iu
1035 3684 1132 3733 manu
1149 3671 1201 3730 tua

136 3790 328 3886 magnitudo
357 3801 388 3860 et
414 3789 609 3886 imperium,
645 3799 717 3862 tuae
750 3789 876 3859 divitiae
911 3799 1045 3859 suntet
1072 3798 1124 3862 tua
1156 3796 1205 3857 est

136 3918 310 4014 gloria-tu
339 3916 518 3991 dominaris
546 3917 707 3989 omnium.
763 3915 834 4012 Ego
862 3926 969 3987 autem
999 3926 1030 3986 et
1063 3914 1203 4010 populus

127 4070 233 4138 meno,
260 4045 337 4142 quid
366 4069 497 4136 sumus,
531 4055 566 4115 ut
592 4045 756 4140 possimus
783 4045 886 4140 aliqua
915 4043 970 4115 tibi
1005 4043 1205 4139 promittere,

136 4175 184 4245 rel
212 4174 297 4264 dare,
325 4198 425 4269 «purim
442 4183 494 4243 tua
522 4174 587 4245 sint
605 4171 737 4242 onmial
765 4171 828 4242 Sed
858 4172 935 4242 lraec
961 4172 1040 4266 ipsa,
1067 4195 1148 4267 quae
1165 4171 1204 4241 de
