2940 5040
366 334 442 388 ΒΑΝ
445 333 501 388 TIS
519 334 738 390 MONAROHIA
753 336 788 390 Π.
806 335 836 390 (l.
855 342 880 391 7.
1140 336 1178 397 63

60 506 145 590 quod
169 505 300 589 quidem
322 527 385 572 non
407 506 510 572 solum
532 507 708 589 singulares
731 508 884 592 homines,
908 509 983 591 quin
1006 510 1103 576 ctiam
1124 532 1179 594 po·

58 609 141 696 puli,
171 609 240 692 apti
268 610 335 673 nati
364 613 437 674 sunt
467 607 509 672 ad
536 609 723 693 principari,
754 609 884 692 quidem
912 610 969 674 elii
998 610 1040 675 ad
1064 611 1179 695 subjici

58 717 155 794 atque
177 711 370 777 ministrare:
393 716 428 774 ut
449 710 729 795 Philosophus
751 710 887 777 adstruit
914 711 1008 777 iniis
1032 731 1115 795 quae
1139 712 1178 778 de

58 813 217 896 Politicis;
248 818 280 880 et
302 814 435 896 talibus,
465 818 501 877 ut
528 812 598 897 ipse
621 813 713 897 dicit,
741 834 804 879 non
833 814 937 880 solum
964 814 1032 895 regi
1054 819 1103 879 est
1125 835 1177 880 ex-

57 917 208 1003 pediens,
231 914 289 982 sed
312 917 408 981 etiam
426 915 564 999 justum,
588 915 713 980 etiamsi
735 915 778 979 ad
800 915 862 982 hoc
883 921 1046 997 cogantur.
1196 920 1229 992 4'0

144 1018 234 1097 Quae
262 1017 290 1083 si
318 1018 364 1081 ita
392 1037 427 1084 se
456 1017 590 1101 hebent,
619 1038 683 1083 non
712 1016 844 1081 dubium
865 1023 929 1101 est,
959 1019 1036 1100 quin
1064 1023 1178 1083 natura

58 1121 164 1187 locum
187 1125 219 1186 ot
240 1124 368 1200 gentem
390 1119 583 1202 disposuerit
603 1119 637 1183 in
658 1117 776 1184 mundo
798 1117 842 1182 ed
856 1119 1079 1186 universaliter
1094 1119 1178 1204 prin-

59 1221 246 1308 cipandum3
271 1221 365 1286 aliter
386 1221 449 1288 sibi
472 1220 655 1304 defecisset,
679 1219 764 1303 quod
787 1224 836 1285 est
857 1221 1064 1303 impossibile.
1100 1222 1178 1301 Quis

58 1329 166 1390 autem
188 1322 406 1405 herithone,
432 1327 463 1390 et
486 1341 567 1404 quae
589 1339 683 1404 gens,
712 1320 877 1403 perdicto
899 1323 1043 1406 superius
1067 1328 1099 1390 et
1120 1344 1178 1407 per

59 1424 196 1490 dicende
217 1424 348 1489 inferius
371 1425 449 1490 satis
471 1430 520 1492 est
541 1423 759 1506 manifestum,
783 1423 869 1505 quod
890 1425 985 1488 tuerit
1006 1425 1123 1508 Rome,
1147 1430 1179 1490 et
1196 1453 1227 1504 45

59 1526 147 1592 cives
169 1526 254 1610 ejus,
277 1525 345 1591 sive
367 1526 512 1610 populus.
557 1525 651 1604 Quod
680 1525 777 1591 etiem
805 1527 930 1591 Poeta
955 1531 1061 1592 noster
1084 1525 1178 1591 valde

59 1627 220 1693 subtiliter
240 1627 273 1691 in
296 1633 386 1693 sexto
409 1628 530 1711 tetigit,
559 1627 761 1694 introducens
784 1627 946 1693 Anchisen
974 1646 1178 1712 praemonen-

59 1735 124 1795 tem
147 1728 305 1812 Aeneam,
329 1729 542 1796 Romanorum
563 1733 701 1813 patrem,
725 1729 785 1795 sic:

86 1881 112 1913 ³⁸
128 1879 161 1933 V.
181 1879 301 1934 videmus
319 1880 394 1949 quod
410 1879 518 1950 quidem
713 1879 745 1932 A.
765 1878 796 1931 F.
815 1879 847 1932 L.
867 1878 903 1932 M.
922 1878 954 1934 P.
974 1911 1008 1918 —
1031 1879 1181 1934 Nobiscum

85 1966 108 1999 ³⁷
126 1965 160 2018 A.
179 1964 210 2018 F.
228 1964 263 2018 H.
280 1965 312 2018 L.
331 1964 360 2017 P.
379 1963 411 2021 V.
429 1995 465 2003 -
476 1964 513 2017 M.
533 1968 594 2033 qui·
714 1964 819 2019 fuciunt
835 1962 868 2016 H.
879 1961 912 2016 V.
931 1962 1042 2017 Ficinns
1060 1968 1089 2017 et
1105 1962 1179 2018 editt.
1198 1973 1209 1989 ·

126 2051 189 2104 dam
207 2050 257 2105 alii
271 2050 342 2120 subj.
367 2079 400 2087 -
427 2048 511 2103 Editt.
536 2049 595 2119 qui·
672 2050 694 2081 ⁴⁴
712 2050 744 2102 A.
763 2047 830 2114 Quis
847 2055 935 2101 autern
953 2053 988 2102 sii

127 2135 189 2189 darn
207 2135 245 2188 ael
261 2135 332 2206 srrbj.
713 2131 1180 2204 Rperproedicla-Mpraedicta

84 2221 108 2252 ³⁹
125 2220 157 2273 F.
174 2219 208 2273 L.
226 2219 264 2273 M.
346 2219 378 2271 A.
397 2217 430 2271 H.
450 2216 480 2271 P.
506 2216 539 2270 V.
567 2223 594 2272 et
672 2218 741 2277 ⁴⁴,⁴⁵
753 2234 808 2289 per
825 2215 939 2271 dicenda
963 2217 1034 2283 quod
1057 2216 1119 2270 libri
1135 2231 1179 2270 ve-

127 2303 186 2358 edd.
205 2303 239 2358 de
256 2302 364 2358 Politiis
713 2308 783 2357 teres
799 2302 926 2356 exhibent
943 2303 1069 2356 adunum
1079 2318 1179 2368 omnes,

85 2390 109 2422 ⁴⁰
126 2389 194 2443 Edd·
211 2387 260 2441 sed
277 2395 302 2442 el
313 2390 422 2459 Jusium
439 2417 474 2425 -
494 2389 528 2444 h
547 2388 594 2442 ud·
713 2387 807 2443 exulat
823 2387 857 2441 ob
875 2385 962 2442 editis.

128 2473 167 2526 dit
184 2478 223 2526 est
672 2473 696 2506 ⁴⁵
712 2473 745 2526 H.
765 2474 832 2526 satis
848 2479 889 2526 est
899 2474 963 2544 jezm
981 2474 1077 2544 inertis.

143 2557 179 2616 Η,
197 2556 233 2609 Μ.
254 2555 374 2611 adhaec
673 2559 696 2591 ⁴⁰
713 2558 746 2612 A.
763 2558 795 2614 F.
813 2557 848 2610 H.
867 2557 903 2610 Μ.
928 2557 958 2610 Ρ.
976 2558 1009 2613 V.
1036 2589 1070 2597 -
1094 2559 1127 2614 L.
1152 2564 1179 2613 et

143 2642 175 2695 F.
193 2641 224 2694 Ρ.
243 2647 360 2712 copulor
715 2643 775 2697 edd.
798 2641 875 2708 Quod
891 2649 917 2696 et

84 2730 108 2762 ⁴²
126 2728 231 2782 utiliter
240 2743 289 2796 pro
297 2727 486 2781 uriioersoliler
496 2727 597 2781 habent
673 2728 695 2760 ⁴⁷
714 2728 745 2781 L.
764 2727 913 2783 sublimiter

262 2879 304 2934 La
322 2878 441 2934 circulor
458 2884 574 2944 nature,
592 2879 632 2935 ob’
650 2880 663 2933 i
680 2880 804 2952 reppello

330 2947 393 3001 Alia
411 2964 474 3001 cera
491 2947 594 3002 morial
599 2988 605 3010 ‚
622 2949 656 3019 sa
674 2949 724 3003 ben
741 2963 793 3019 sua
811 2954 885 3013 arie,

329 3014 378 3069 Mc
395 3031 450 3069 νιοιι
467 3015 605 3087 dictisque
622 3017 638 3072 l
654 3032 692 3070 un
711 3015 774 3070 dall
792 3016 864 3071 altro
882 3015 960 3070 oslell
978 3057 984 3069 .

264 3109 361 3174 Quinei
378 3108 504 3163 addiviec
522 3110 561 3165 cb'
580 3109 657 3165 Esarl
673 3111 699 3164 si
714 3110 824 3180 deporto

335 3175 385 3230 Per
401 3193 472 3231 seme
490 3177 526 3232 do
543 3177 644 3245 Jacob,
663 3195 678 3232 e
695 3179 754 3232 vien
774 3177 886 3243 Ouiririo

331 3245 375 3300 De
392 3245 415 3300 si
433 3246 472 3301 vil
484 3247 574 3319 padre
591 3245 640 3301 cire
656 3246 780 3299 sirenue
796 3264 814 3300 a
831 3246 928 3300 Marte.

260 3337 374 3392 Matura
390 3344 521 3410 penerate
538 3339 561 3394 r‘l
575 3355 626 3393 suro
643 3341 776 3393 cammino

185 3442 192 3475 ι
331 3405 412 3461 Simil
425 3407 540 3476 farebbe
557 3424 611 3462 sem
632 3424 663 3462 re
680 3409 710 3462 ai
724 3409 878 3478 peneracb',

330 3473 366 3528 Se
381 3491 436 3528 non
453 3477 571 3530 vincesse
588 3476 606 3529 i¹
620 3476 774 3547 provveder
791 3476 889 3530 diuiso.

178 3541 220 3597 uf.
239 3548 266 3596 et
283 3542 424 3611 Purgator.
443 3543 515 3597 XIV.
534 3549 574 3599 38.

127 3646 150 3680 ³⁹
167 3646 354 3699 Anrsrornnrs
372 3644 487 3699 Politice
505 3645 525 3698 I.
537 3649 560 3698 8.
580 3645 731 3710 (translatio
749 3645 870 3714 antiqua)
888 3646 936 3713 „In
953 3646 1114 3714 quibusdem
1131 3645 1176 3700 de-

57 3714 239 3795 terminatum,
258 3710 330 3791 quod
347 3711 409 3776 tale,
429 3728 542 3779 quorum
560 3713 739 3781 quidamhuic
757 3713 865 3836 eripedit
880 3715 987 3796 seryire
1005 3714 1068 3769 hnic
1086 3720 1177 3768 eutem

58 3784 204 3846 dommum,
229 3784 256 3834 et
271 3785 375 3848 Justum
393 3785 447 3845 est,
471 3786 499 3833 et
521 3787 629 3861 oportet
645 3782 717 3835 hunc
736 3799 782 3851 qur
802 3798 843 3836 em
860 3783 971 3851 subpo,
996 3784 1068 3836 hunc
1086 3788 1177 3836 autem

57 3851 210 3922 principari,
226 3864 282 3970 guo
293 3849 350 3902 nati
368 3853 431 3902 sunt
448 3848 609 3918 princrpatu‚
627 3850 801 3919 principari.“
828 3850 1081 3914 TuomusAouruns
1098 3849 1176 3904 ibid:

58 3921 108 3987 „In
127 3919 224 3986 quibus
245 3932 288 3970 em
306 3916 478 3983 distinguitur
495 3923 685 3986 pernaturem
704 3923 731 3973 et
747 3919 775 3973 in
784 3920 883 3974 talibus
892 3919 1007 3988 expedit,
1026 3919 1090 3974 huic
1106 3918 1177 3987 quod

57 3987 165 4053 serviet,
183 3990 211 4041 et
226 3985 266 4038 illi
283 3984 354 4052 quod
372 3983 531 4050 dominetur,
550 3991 577 4040 et
589 3986 641 4041 hoc
657 3986 737 4040 etium
751 3987 856 4055 justum
874 3993 922 4041 est.
950 3988 988 4040 Et
999 3988 1051 4042 hoc
1068 3988 1175 4056 probat,

74 4057 120 4111 uiu
137 4059 331 4124 opportunum,
356 4053 426 4122 quod
443 4055 626 4124 unusquisque
644 4055 804 4123 subjiciatur
821 4056 862 4109 vel
879 4055 1061 4125 principetur,
1080 4071 1175 4110 secun·

56 4074 1175 4260 iccircoocccccccccc.cocciumcem

56 4262 126 4316 Aen.
144 4258 190 4312 Vl.
211 4262 270 4312 848.
