2940 5040
343 346 478 402 usuris
496 346 714 403 monasterus
731 349 751 403 1.
769 349 798 404 c,
819 354 858 404 ra.
879 353 941 416 (14).
1168 345 1207 410 23

86 520 186 587 etiam
207 524 318 605 patere
339 524 453 603 potest,
476 517 563 601 quod
585 519 782 584 substantiae
803 519 1050 605 intellectuales,
1075 540 1208 604 quarum
1226 527 1259 578 ²0

85 626 161 687 sunt
182 619 397 687 immutabiles
419 620 607 703 voluntates,
629 640 688 686 neo
709 641 772 686 non
794 621 919 689 animae
940 628 1108 708 separatae
1128 623 1210 691 bena

87 723 163 789 hinc
178 721 341 805 abeuntes,
358 721 537 788 libertatem
552 721 674 787 arbitrii
685 723 726 788 ob
736 722 1026 791 immutabilitatem
1038 723 1211 791 voluntatis

87 844 152 891 non
174 824 332 906 amittunt,
356 823 414 890 sed
428 823 656 909 pemectissime
679 830 774 906 atque
795 824 960 909 potissime
982 826 1043 892 hoo
1063 826 1208 892 retinent.

174 926 245 991 Hoc
273 925 358 1008 viso,
392 925 505 990 iterum
533 924 734 991 manifestum
763 944 833 992 esse
861 932 981 1011 potest,
1017 926 1103 1009 quod
1130 928 1211 994 haec

88 1028 237 1111 libertas,
272 1026 341 1091 sive
369 1025 557 1111 principium
584 1026 646 1092 hoc
672 1024 769 1092 totius
797 1026 954 1094 libertatis
982 1034 1124 1112 nostrae,
1160 1033 1210 1095 est
1227 1037 1259 1088 25

88 1128 264 1195 maximum
294 1126 410 1195 donum
438 1127 597 1194 humanae
623 1134 755 1194 naturae
783 1129 894 1195 aDeo
928 1129 1093 1213 collatum,
1129 1129 1211 1195 siout

90 1230 172 1314 dixi3
197 1230 273 1311 quia
294 1250 351 1315 per
371 1228 476 1315 ipsum
498 1229 550 1294 hic
571 1229 771 1314 felicitamur,
794 1237 828 1294 ut
850 1231 1004 1315 homines,
1025 1252 1084 1315 per
1105 1231 1210 1315 ipsum

89 1331 168 1397 alibi
195 1324 399 1411 felicitamur,
431 1335 466 1393 ut
497 1329 560 1396 Dii.
605 1331 698 1411 Quod
726 1331 753 1398 si
786 1331 833 1396 ita
865 1338 928 1416 est,
961 1333 1032 1415 quis
1065 1331 1125 1398 erit
1157 1332 1212 1415 qui

116 1482 139 1514 ²⁰
156 1481 188 1533 A.
209 1480 241 1533 F.
261 1497 332 1551 quae
348 1488 411 1534 suat
429 1481 607 1536 iraaratabiles
745 1483 987 1538 abbiaattrr'baito:
1002 1482 1212 1554 imperaretis-

116 1567 138 1599 ²¹
154 1565 187 1619 F.
207 1565 237 1619 P.
247 1565 321 1637 ‚aeae
337 1564 400 1620 biae
418 1562 546 1619 babentes
746 1566 837 1621 Verba
855 1573 886 1620 at
902 1566 972 1631 dr'ai,
988 1580 1056 1635 quae
1071 1565 1213 1622 retinenda

174 1650 210 1704 Η.
228 1651 356 1706 abeuntes
373 1651 401 1704 ia
419 1649 521 1705 coelam
745 1655 820 1718 puto,
830 1649 864 1704 ad
880 1650 985 1704 initium
1002 1650 1083 1706 huius
1102 1651 1211 1721 capitis:

175 1735 214 1788 M.
232 1734 262 1788 P.
276 1733 466 1789 immutabilem
480 1731 627 1786 coleritatis
747 1736 879 1804 „primum
913 1734 1075 1804 principium
1104 1741 1213 1792 nostrae

115 1820 140 1854 ²³
158 1819 335 1875 Scribonium
351 1818 457 1872 ridetur
474 1815 545 1869 hanc
562 1815 625 1867 reti·
746 1820 878 1874 libertatis
896 1824 937 1874 est
954 1819 1065 1876 libertas
1077 1821 1214 1876 arbitrii:“

157 1909 230 1960 meat.
259 1903 345 1957 Ficin.
364 1911 460 1973 questa
481 1901 625 1970 rampone
748 1905 882 1973 respicere
898 1903 1030 1959 videntur.
1048 1904 1213 1961 Commemo-

119 1993 142 2026 ’ὅ
159 1991 192 2044 L.
212 1994 239 2044 et
257 1986 316 2042 edd.
335 1995 444 2041 nostrae
461 1984 594 2040 libertatis
748 1989 878 2043 rationem
896 1989 1056 2044 Comoedias
1073 1989 1216 2058 neqneFi-

115 2077 146 2144 ²⁰,
157 2076 181 2108 ²⁷
199 2075 231 2129 F.
250 2091 267 2127 a
285 2072 342 2128 Deo
359 2073 487 2128 collatam
505 2071 574 2125 sicat
599 2069 627 2123 ia
749 2072 826 2127 cinus
848 2073 959 2138 habuit,
985 2088 1035 2127 nec
1061 2073 1216 2128 habuerunt

161 2201 272 2214 .....
290 2157 437 2229 paria-P.
456 2174 473 2210 a
492 2155 548 2210 Dea
566 2154 627 2209 eall.
746 2156 825 2224 primi
856 2158 937 2213 huius
970 2158 1059 2227 operis
1090 2157 1214 2212 editores.

158 2245 231 2300 sieut
244 2281 326 2297 .....
340 2241 484 2296 aanrmerlr'e
499 2241 551 2294 iam
567 2239 630 2294 dixi
747 2239 868 2310 Reliquis
885 2242 965 2312 igitur
979 2242 1116 2297 codicibus
1134 2256 1151 2296 a
1169 2257 1215 2296 cu-

160 2329 227 2400 qaia
238 2357 272 2368 -
286 2329 316 2380 L.
331 2327 368 2380 art
385 2343 415 2380 eo
434 2325 493 2381 eall.
512 2326 582 2379 sam
599 2325 628 2378 ia
747 2325 818 2380 rioso
841 2326 958 2395 quodam
974 2326 1099 2382 Paradisi
1116 2327 1217 2381 lectore

160 2411 295 2468 Paradiso
302 2411 420 2466 comedia
427 2413 480 2464 iam
488 2409 630 2478 discipata
748 2409 840 2464 addita
858 2411 978 2466 dixerim.

159 2528 194 2537 —
204 2498 244 2551 A.
262 2497 295 2550 H.
305 2496 338 2550 V.
349 2514 367 2550 a
383 2494 511 2549 Deaeoll.
522 2495 629 2548 sicaria
706 2494 729 2527 ²⁸
746 2497 790 2548 An
805 2495 1001 2564 filicitabr’mar
1018 2502 1049 2550 at
1066 2497 1131 2552 Ilii?

161 2581 226 2638 Par.
244 2580 363 2637 comedis
377 2581 429 2633 iam
443 2579 512 2644 dimi,
522 2579 587 2648 qaia
600 2609 627 2617 -
765 2579 1218 2637 atDr'ideestinF.P.-H.atdisr'

160 2664 388 2722 Eddalleoeoll:
401 2662 627 2734 qaia-Ficinns:
763 2663 832 2719 Edd.
852 2665 931 2731 (laod
946 2667 972 2721 εἰ
986 2667 1025 2721 ita
1042 2668 1094 2721 erit

161 2749 209 2807 elie
226 2749 306 2806 Idalio
324 2749 381 2803 alla
404 2764 504 2802 amana
527 2753 628 2801 antara
763 2749 1221 2823 H.qaisqaidembamaaampeaas

283 2867 329 2932 Or,
342 2865 444 2939 parete
459 2884 479 2920 a
496 2870 592 2937 questa
609 2868 676 2937 caat
691 2868 763 2921 altra
779 2869 806 2922 si
820 2869 966 2941 raeeoqlia,

317 2935 419 2990 lanata
436 2937 457 3006 ν’
477 2936 490 2988 e
508 2935 535 2988 la
553 2935 624 2988 virtut
642 2933 691 2990 ebe
708 2936 849 3007 coasiqlt'a,

318 3002 370 3058 Cle
387 3002 447 3057 alell
465 3017 576 3056 assensa
594 3002 633 3056 (le'
652 3008 726 3057 temer
745 3004 773 3057 la
789 3005 886 3075 scytia.

282 3071 368 3138 Qaest
386 3072 400 3125 ἑ
418 3071 440 3125 r'l
474 3071 599 3140 riaer'pia,
618 3069 646 3124 lai
663 3070 733 3126 cade
749 3073 774 3126 si
785 3073 877 3144 piqlr‘a

317 3139 424 3210 Raptam
442 3086 473 3192 ri}
488 3140 615 3193 meritare
632 3140 660 3193 r'a
678 3141 730 3205 voi,
747 3139 865 3196 seeundo

319 3205 372 3261 Clae
389 3207 473 3260 bauai
488 3223 503 3260 e
520 3207 563 3260 rei
578 3208 667 3262 amori
682 3208 803 3279 aeeoplr'e
820 3226 835 3263 e
852 3207 943 3280 aiqlia.

283 3274 363 3330 Color
380 3273 429 3330 alre
445 3275 617 3345 raqr'oaaado
634 3275 740 3330 andare
758 3277 787 3329 at
802 3276 899 3345 fondo,

316 3341 343 3397 S
361 3359 486 3398 aeearser
504 3343 528 3396 ct
547 3347 604 3396 esta
623 3344 719 3398 intrata
737 3343 867 3410 libertate,

321 3409 387 3465 Pero'
405 3410 531 3465 moralitas
547 3409 664 3466 laseiaro
681 3410 712 3464 al
726 3411 833 3466 moade.

285 3477 369 3544 Oarle,
382 3495 505 3550 poariam
524 3477 620 3533 abacti
635 3481 793 3534 rteeessr'tate

316 3545 409 3618 Sarqa
427 3547 494 3618 cami
509 3562 585 3599 amor
602 3543 652 3600 ebe
669 3546 764 3601 deatro
782 3565 800 3601 a
817 3549 897 3602 voe's'
915 3548 1040 3614 accende,

315 3613 352 3669 a·
368 3614 496 3669 ramata
513 3615 528 3668 t
545 3616 573 3667 ia
590 3614 636 3668 voi
651 3614 678 3668 la
690 3621 836 3696 potestate.

283 3681 325 3736 La
343 3682 432 3737 nobile
449 3683 521 3736 cirta
538 3681 667 3737 Beatrr'ee
684 3683 792 3737 mteade

317 3749 372 3805 Per
389 3751 415 3805 lo
433 3748 516 3805 libera
534 3749 655 3805 arbitria.

164 3852 510 3908 ²⁶Aucnoa1sParadisus
529 3850 562 3904 V.
585 3856 623 3905 19.

301 3953 342 4009 Lo
359 3957 484 4026 mappiar
502 3953 565 4017 don,
583 3950 632 4008 alre
649 3951 702 4007 Ilio
714 3969 769 4024 per
785 3969 836 4007 saa
854 3951 1002 4024 larpbezsa

334 4023 416 4076 Fessa
434 4022 561 4086 creando,
579 4021 614 4075 ed
629 4020 685 4074 alla
702 4036 753 4074 saa
771 4021 879 4076 boatate

333 4088 387 4143 Par
404 4091 589 4159 corasarmato,
603 4105 619 4143 e
655 4088 700 4142 ael
715 4086 754 4142 ab'
773 4089 800 4142 ei
810 4090 863 4161 pia
880 4105 1030 4162 oppressa,

301 4157 344 4212 Fa
362 4157 433 4211 della
450 4157 559 4210 volantia
577 4157 604 4211 la
621 4104 752 4221 lizertate,

339 4225 375 4280 m·
390 4224 439 4278 ebe
456 4224 481 4278 le
498 4229 622 4278 creature
640 4223 802 4296 intellipeati

338 4293 365 4348 ll
380 4298 447 4347 tutte
465 4308 480 4346 e
496 4293 553 4347 sale
569 4293 637 4363 suro
654 4307 669 4347 e
685 4307 734 4346 saa
754 4293 852 4347 dotata.
