2940 5040
359 335 494 389 DANTIS
512 333 738 389 MONARCHIA
756 335 803 388 Ill.
821 335 849 389 C.
871 338 910 388 12.
931 338 994 400 (ll.)
1175 331 1233 391 127

110 509 151 573 In
174 512 327 589 quantum
343 528 419 573 vero
442 511 515 572 stunt
536 507 672 572 relativa
688 506 854 589 quaedam,
877 512 912 572 ut
934 512 1031 591 patet,
1055 506 1235 573 reducenda
1252 524 1283 573 45

112 615 187 676 sunt
209 610 261 676 uel
283 608 326 673 ad
348 608 501 691 invicem,
525 609 551 673 si
575 609 709 674 alterum
733 609 969 673 subalternatur
990 609 1098 692 alteri;
1128 609 1180 673 vel
1202 608 1236 672 in

112 712 222 797 speeie
246 710 477 776 communicant
498 730 557 793 per
577 716 723 775 naturam
745 711 925 795 relationis;
956 713 1009 775 uel
1038 709 1081 774 ad
1103 708 1236 792 aliquod

112 813 243 881 tertium
266 812 308 877 ad
331 812 417 893 quod
440 811 639 894 reducantur,
663 817 825 892 tamquam
849 811 891 876 ad
914 833 1111 878 communem
1134 812 1233 876 unita-

113 921 187 982 tem.
230 914 296 981 Sed
317 935 380 980 non
402 917 508 998 potest
531 911 603 995 diei,
627 913 712 994 quod
728 915 863 979 alterurn
879 915 1112 980 subalternetur
1127 914 1233 997 alteri;

115 1018 191 1101 quia
220 1017 266 1082 sic
294 1016 429 1082 alterum
460 1013 501 1081 de
523 1016 624 1080 altero
647 1016 898 1099 praedicaretur:
931 1015 1017 1098 quod
1041 1021 1088 1082 est
1109 1016 1233 1082 falsum.
1253 1032 1285 1082 50

114 1121 188 1185 Non
218 1118 302 1185 enim
333 1117 482 1182 dicimus:
517 1118 694 1201 Imperator
723 1122 773 1183 est
801 1119 905 1203 Papa,
938 1139 996 1184 neo
1025 1138 1043 1183 e
1073 1136 1234 1183 converso.

113 1221 184 1286 Nec
207 1225 313 1303 potest
334 1218 407 1302 diei,
432 1219 517 1300 quod
536 1218 767 1284 communicent
788 1220 821 1283 in
844 1220 963 1303 speeie3
989 1239 1084 1300 quum
1106 1219 1172 1282 alia
1195 1219 1237 1283 sit

114 1322 196 1388 ratio
220 1323 344 1404 Papae,
369 1320 434 1384 alia
455 1321 676 1404 Imperatoris,
702 1320 735 1384 in
759 1328 909 1402 quantum
932 1319 1129 1405 hujusmodi:
1160 1339 1235 1400 ergo

115 1423 308 1490 reducuntur
330 1421 373 1486 ad
395 1421 534 1504 aliquid,
558 1422 589 1485 in
613 1442 675 1502 quo
698 1423 818 1487 habent
841 1424 929 1488 uniri.

202 1527 337 1609 Propter
358 1523 443 1604 quod
467 1522 645 1606 sciendum,
670 1523 756 1605 quod
778 1527 859 1591 sicut
881 1544 915 1590 se
938 1526 1036 1590 habet
1058 1524 1170 1588 ralatio
1194 1522 1236 1587 ad
1253 1534 1284 1583 55

115 1627 314 1708 relationem,
338 1625 383 1690 sic
406 1625 575 1690 relativum
597 1624 639 1688 ad
662 1626 839 1709 relativum.
886 1626 920 1691 Si
943 1646 1018 1708 ergo
1042 1628 1182 1710 Papatus
1206 1631 1236 1690 et

115 1729 324 1812 Imperiatus,
360 1747 456 1809 quum
490 1728 553 1792 sint
586 1726 756 1793 relationes
787 1729 1064 1812 superpositionis,
1096 1726 1238 1791 habeant

119 1828 230 1895 reduci
252 1826 294 1892 ad
315 1834 495 1913 respectum
510 1828 780 1913 superpositionis,
804 1850 901 1911 aquo
924 1834 1155 1914 respecturum
1173 1827 1238 1891 suis

142 1981 165 2012 15
183 1979 213 2032 Ρ.
231 1985 293 2032 sura
310 1979 398 2031 relata
417 1979 551 2048 qtraredaru
569 2010 601 2018 -
617 1981 649 2033 ln

184 2063 222 2116 M.
242 2063 316 2117 deest
335 2063 468 2132 qtraedaru

201 2155 232 2201 ut
243 2153 323 2220 patet
338 2148 413 2202 deest
430 2148 458 2201 in
478 2148 509 2201 F.
521 2182 543 2188 -
560 2148 590 2202 Ρ.
610 2159 651 2203 ut-

180 2239 256 2306 pote,
274 2234 317 2288 uei
333 2241 364 2286 ut
376 2240 456 2305 patet

142 2320 166 2352 ⁴⁰
182 2318 294 2372 Fieinus
324 2324 351 2371 et
382 2322 513 2386 quotquot
546 2326 653 2373 exstant

184 2403 258 2457 editt.
278 2403 375 2471 supino
390 2419 480 2457 errore
497 2404 652 2458 reducenda

185 2496 249 2541 suut
267 2487 309 2541 oei
325 2488 362 2540 ad
372 2487 651 2557 judicem-iustam

185 2573 326 2627 lectionem
368 2572 495 2626 exhibent
539 2573 651 2640 codices,

184 2659 256 2711 inter
273 2672 302 2711 se
321 2656 527 2711 consentientes.

143 2744 167 2777 ⁴¹⁸
184 2742 216 2795 F.
235 2741 403 2796 reducantur
424 2742 461 2795 ad
486 2758 651 2795 eorumrurem

142 2829 167 2860 ⁴⁹
185 2828 216 2879 A.
227 2827 257 2880 P.
268 2826 301 2879 V.
320 2826 368 2880 sed
384 2842 439 2880 raon
454 2832 546 2896 potest
563 2826 653 2880 dieere

203 2912 234 2965 F.
244 2911 319 2981 quod
326 2911 441 2964 alterum
450 2911 653 2964 subalteruatur

145 3000 166 3031 ⁵¹
185 2998 219 3050 A.
238 2997 269 3050 F.
288 2996 323 3049 H.
342 2995 374 3048 L.
393 2995 430 3048 M.
449 2995 480 3047 P.
500 2994 579 3048 —V.
598 3013 652 3049 riou

186 3083 255 3135 errice
282 3081 401 3134 decimus
430 3078 586 3151 Irruperator
619 3110 653 3120 -

185 3167 269 3220 Editt.
297 3167 364 3218 antt.
394 3164 506 3219 ridicule
533 3172 653 3220 errantes

185 3268 239 3304 uou
273 3251 343 3302 euim
371 3249 470 3304 Decius
496 3254 564 3322 Imp.
613 3251 653 3306 Cf.

187 3335 274 3389 Gaea.
310 3335 449 3388 Rossnrrr
480 3333 559 3389 Salio
586 3337 653 3406 spir.

187 3423 308 3490 arttipap.
335 3437 360 3488 p.
387 3425 444 3472 atu.
464 3424 505 3472 11.
533 3426 559 3473 11
585 3435 654 3488 quae

186 3504 301 3558 diximus
324 3504 351 3558 in
376 3504 461 3568 libr0‚
487 3504 530 3557 cui
557 3505 652 3559 titulus

187 3587 485 3659 Dareta-Forseltuupert
504 3605 530 3657 p.
551 3594 607 3642 115.

785 1982 818 2033 A.
837 1980 871 2032 H.
890 1979 971 2032 L.M.
985 1980 1017 2032 V.
1037 1986 1091 2032 ete
1109 1993 1237 2032 eattuerso

770 2096 802 2103 -
820 2065 852 2118 L.
871 2072 898 2118 et
915 2082 929 2118 e
946 2064 1086 2119 eorrtrario

731 2151 753 2184 ⁵³
771 2151 803 2202 A.
829 2150 901 2202 ratio
927 2150 962 2201 sit
984 2147 1092 2214 Papae,
1115 2146 1238 2216 lupera·

773 2235 839 2288 toris
849 2263 880 2272 —
891 2234 922 2286 L.
932 2241 983 2286 rat.
994 2231 1090 2302 Papae
1098 2229 1238 2301 eutrap-

771 2318 803 2371 H.
814 2317 844 2370 P.
864 2320 898 2370 sit
916 2325 968 2372 rat.
978 2317 1074 2388 Papae
1087 2315 1193 2385 etlrap.
1206 2346 1238 2354 -

770 2403 802 2456 F.
809 2404 842 2456 sit
849 2410 900 2455 rat.
911 2402 1015 2472 Papae,
1024 2401 1080 2455 alia
1091 2403 1161 2454 ratio
1166 2399 1238 2470 Imp.

732 2490 754 2521 ⁵⁵
772 2488 809 2541 M.
828 2504 894 2558 erpo
912 2487 1078 2541 reducantur

789 2571 821 2624 F.
836 2571 873 2625 ad
888 2571 1003 2642 aliquod
1019 2573 1036 2625 i.
1048 2588 1092 2640 qu.
1105 2569 1131 2623 ir.
1148 2586 1239 2623 aarum

731 2660 753 2691 55
770 2660 803 2710 Α.
818 2657 855 2710 M.
875 2655 995 2727 Propter
1012 2656 1086 2725 quod
1102 2655 1240 2710 sererrdum

772 2741 905 2812 estquod

789 2827 821 2879 L.
839 2827 879 2881 sie
895 2842 925 2879 se
943 2825 1022 2880 habet
1039 2825 1117 2879 relat.

733 2913 755 2944 11
772 2914 805 2965 A.
816 2911 850 2964 H.
869 2910 984 2964 relatum
1002 2910 1039 2963 ad
1055 2910 1239 2963 relativum-

771 2997 803 3048 V.
814 2995 929 3049 relatum
940 2996 976 3049 ad
984 2995 1099 3049 relatum
1111 3026 1142 3034 -
1153 2994 1238 3049 Editt.

772 3081 873 3149 antiqu.
891 3080 1033 3134 relativum
1045 3080 1083 3134 ad
1098 3080 1214 3133 relatum

732 3169 754 3200 ⁵⁷
771 3170 803 3220 Α.
824 3166 861 3219 Μ.
880 3165 1006 3236 Papatus
1024 3172 1049 3218 et
1067 3165 1223 3235 [piperatas

733 3254 762 3316 55,
784 3255 806 3286 ⁵⁸
823 3252 857 3304 H.
869 3251 901 3303 L.
916 3251 953 3303 M.
963 3251 994 3303 P.
1012 3249 1160 3303 relationes
1177 3265 1240 3320 sup-

771 3337 916 3407 positionis
947 3373 1003 3387 ...
1030 3335 1067 3388 ad
1089 3342 1239 3404 respectum

772 3421 969 3491 suppositionis

789 3506 821 3558 F.
839 3505 870 3558 P.
889 3503 988 3559 hadent
1011 3503 1107 3558 reduci

732 3592 753 3625 ⁵⁸
770 3590 802 3644 L.
822 3608 839 3644 a
857 3590 955 3659 quihus
972 3596 1097 3660 respectu
1118 3619 1151 3627 -
1168 3587 1237 3642 Edd.

771 3679 837 3728 antt.
858 3674 896 3728 ad
913 3675 988 3743 quod
1004 3689 1075 3743 resp.

118 3793 167 3859 „Si
186 3796 275 3845 autem
292 3791 344 3845 hoc
363 3792 431 3845 bene
449 3790 556 3850 dicitur,
577 3792 799 3859 quemadmodum
817 3792 935 3856 uidetur,
961 3796 987 3846 et
1005 3795 1046 3845 est
1064 3791 1238 3859 uniuscujus-

119 3876 171 3930 que
193 3860 436 3925 mensuravimus,
462 3861 606 3923 1111111,
634 3860 780 3915 seeundum
805 3860 875 3929 quod
892 3861 969 3924 talis,
994 3864 1020 3913 et
1048 3859 1239 3913 delectationes

120 3932 200 3984 erunt
224 3928 316 3995 utique
342 3943 411 3996 quae
433 3927 496 3981 huic
520 3928 655 3993 uidentur,
683 3935 710 3982 et
734 3929 902 3983 delectabilia
921 3929 1017 3997 quibus
1043 3927 1094 3980 iste
1111 3926 1237 3995 gaudet.“

118 3997 184 4051 lbid.
205 4002 288 4065 capi
309 3997 433 4060 (111111)
453 3996 498 4060 „Si
518 3996 609 4065 itaque
619 3997 735 4050 divinum
752 3997 815 4065 quid
827 3997 981 4050 intellectus
999 3994 1034 4049 ad
1051 3995 1192 4057 hominem,
1212 4002 1239 4050 et

118 4064 266 4120 secundum
291 4064 362 4118 hanc
388 4063 476 4118 divina
499 4065 554 4118 vita
579 4065 613 4117 ad
636 4065 781 4118 humanam
807 4065 895 4118 vitam.
938 4066 1052 4133 Oportet
1074 4071 1164 4117 autern
1182 4079 1236 4118 non

118 4133 267 4189 seeundum
283 4132 427 4187 suadentes
445 4132 563 4187 humana
581 4148 675 4202 sapere
692 4131 834 4197 hominem,
853 4148 938 4201 neque
947 4131 1072 4185 mortalia
1089 4131 1237 4196 mortalem,

118 4202 165 4256 sed
183 4202 212 4254 in
230 4206 358 4270 quantum
377 4200 507 4269 contingit
523 4201 700 4256 immortalem
717 4199 820 4266 facere,
840 4207 866 4255 et
884 4201 973 4254 omnia
990 4200 1079 4253 facere
1097 4199 1238 4255 advivere

118 4269 265 4324 secundum
283 4268 411 4338 optimum
430 4284 534 4335 eorum,
553 4285 621 4338 quae
640 4270 668 4323 in
685 4268 772 4337 ipso.“
