2940 5040
252 362 310 420 118
545 360 680 415 DANTIS
698 360 916 415 MONARCHIA
933 361 980 414 ΙΙΙ,
1000 360 1032 415 C.
1049 364 1072 414 9.

249 523 334 617 qued
357 553 453 615 quum
476 531 515 598 de
534 533 656 598 duobus
678 530 796 613 gladiis
818 532 1015 615 loquebatur,
1039 533 1215 599 intentione
1232 533 1370 617 simplici

198 638 229 692 85
248 634 461 720 respondebat
487 633 529 698 ad
552 634 718 700 Christum.

333 737 468 817 Quodsi
484 737 582 802 verba
604 736 662 799 illa
677 734 794 800 Christi
810 741 841 800 et
855 734 941 800 Petri
957 736 1065 820 typice
1084 744 1157 802 sunt
1171 737 1369 822 accipienda,

249 861 312 906 nen
333 839 471 922 adhoc,
496 839 582 920 qued
604 838 712 902 dicunt
732 836 800 919 isti,
830 836 987 902 trahenda
1009 843 1098 921 sunt,
1123 839 1182 904 sed
1204 837 1371 905 referenda

248 947 321 1006 sunt
342 940 385 1006 ad
407 961 534 1007 sensum
563 939 678 1005 illius
700 937 815 1021 gladii,
846 937 887 1005 de
910 957 971 1019 que
1001 939 1113 1018 scribit
1134 941 1370 1006 Matthaeus

248 1042 308 1108 sic:
345 1042 474 1126 „Nolite
496 1040 657 1123 arbitrari,
688 1040 763 1120 quia
792 1039 865 1104 reni
893 1059 1005 1125 pacem
1027 1040 1153 1107 mittere
1179 1043 1213 1107 in
1235 1048 1369 1125 terram,

198 1164 231 1215 ee
248 1164 311 1209 non
333 1144 406 1209 veni
428 1165 541 1229 pacem
562 1143 703 1225 mittere,
731 1141 789 1208 sed
811 1140 962 1223 gladium.
1006 1143 1088 1209 Veni
1111 1144 1196 1209 enim
1218 1164 1371 1228 separare

246 1245 407 1311 hominem
429 1244 584 1311 adversus
606 1249 730 1326 patrem
752 1241 874 1326 suum,“
889 1248 947 1309 etc.
986 1244 1080 1324 Quod
1094 1244 1224 1327 quidem
1247 1245 1284 1309 fit
1306 1251 1371 1309 tam

246 1347 361 1428 verbo,
386 1365 480 1427 quam
503 1367 607 1430 opere.
644 1346 777 1429 Propter
801 1345 885 1426 qued
901 1345 1029 1411 dicebat
1051 1347 1178 1413 Lucas
1200 1347 1244 1412 ad
1263 1348 1368 1413 Theo-

246 1446 383 1531 philum:
406 1466 508 1529 „quae
525 1447 629 1529 eoepit
643 1446 663 1511 J
666 1466 738 1512 esus
753 1447 857 1514 Iacere
874 1453 906 1514 et
921 1446 1067 1514 decere“.
1098 1449 1213 1516 Talem
1227 1449 1372 1531 gladium

249 1547 392 1612 Christus
414 1568 519 1614 emere
541 1548 773 1633 praecipiebat,
798 1568 891 1630 quem
913 1548 1073 1634 duplicem
1095 1550 1140 1615 ibi
1162 1570 1235 1616 esse
1256 1551 1374 1616 Petrus

199 1657 230 1707 95
250 1649 347 1714 etiam
375 1648 597 1733 respondebat.
643 1651 695 1716 Ad
723 1652 821 1717 verba
850 1651 934 1717 enim
963 1655 995 1718 et
1023 1672 1120 1737 opera
1141 1652 1247 1737 parati
1269 1658 1371 1735 erant,

249 1771 307 1836 per
329 1771 410 1833 quae
433 1751 573 1817 facerent
589 1751 675 1832 quod
691 1752 835 1817 Christus
858 1752 994 1835 dicebat,
1018 1754 1194 1822 sevenisse
1213 1754 1373 1819 facturum

249 1872 308 1935 per
328 1852 485 1937 gladium,
509 1858 544 1917 ut
566 1854 684 1919 dietum
707 1859 763 1923 est.

714 2054 836 2142 [carun
858 2061 904 2134 xl

332 2192 450 2257 Dicunt
471 2192 576 2258 adhue
591 2192 730 2275 quidam,
754 2192 840 2274 quod
864 2193 1157 2258 Constantinus
1180 2195 1372 2279 Imperator,

248 2292 417 2358 mundatus
452 2314 472 2357 a
503 2295 594 2378 lepra
626 2293 851 2361 intercessione
885 2295 1105 2378 Sylvestri,
1145 2301 1220 2360 tunc
1252 2297 1372 2360 summi

249 2394 421 2478 Pontifiois,
444 2396 573 2480 Imperii
596 2396 714 2479 sedem,
737 2395 858 2462 scilieet
880 2397 1022 2479 Romam,
1047 2395 1178 2463 donavit
1191 2396 1372 2481 Ecclesiae,

248 2516 318 2561 eum
333 2496 441 2562 multis
456 2496 529 2560 aliis
550 2496 679 2581 Imperii
695 2497 911 2578 dignitatibus.
949 2497 999 2562 Ex
1020 2518 1081 2579 que
1097 2505 1243 2582 arguunt,
1267 2498 1370 2581 digni-

277 2673 299 2704 ⁸⁴
317 2673 347 2724 L.
366 2670 467 2742 elade'e's
486 2671 641 2740 loqueretar
861 2672 891 2737 ⁹⁴,
904 2673 928 2705 ⁰⁵
936 2672 967 2724 F.
978 2672 1085 2741 qualem
1095 2673 1171 2744 edepl.
1183 2674 1222 2728 im·
1229 2689 1287 2728 esse
1297 2673 1370 2728 Petr.

276 2756 297 2789 ⁸⁷
315 2754 385 2809 Edd.
404 2772 459 2809 acea
477 2756 514 2809 ed
531 2755 582 2811 hoe
601 2757 784 2832 tarreere,qued
901 2773 971 2826 resp.

332 2839 363 2892 P.
383 2840 458 2910 quod
474 2841 601 2896 deberent
618 2843 664 2895 isti
861 2841 884 2875 ⁰⁶
901 2841 971 2894 Edd.
982 2841 1099 2896 decebat:
1110 2842 1220 2909 scillcet,
1230 2847 1372 2898 sevenisse

333 2925 370 2978 M.
390 2923 539 2991 trahenda,
557 2926 606 2980 sed
937 2927 971 2979 A.
997 2925 1029 2980 F.
1054 2926 1085 2979 1..
1112 2926 1143 2979 P.
1167 2928 1296 2996 salsarum
1319 2946 1373 3000 per

276 3010 298 3043 ⁸⁸
316 3010 348 3063 Α.
368 3012 396 3063 et
419 3009 478 3062 edd.
502 3011 552 3064 sed
577 3011 724 3080 reserenda
749 3011 786 3066 ed
904 3010 1027 3082 pledium

333 3111 440 3149 seersum
838 3093 902 3164 Cap.
921 3095 954 3147 X.
991 3097 1052 3147 ³A.
1067 3094 1138 3167 Imp.
1155 3096 1252 3163 sedem,
1271 3099 1374 3152 seilicet

158 3238 161 3245 ¹
276 3180 298 3212 ⁸⁰
314 3180 348 3233 A.
366 3180 398 3233 F.
416 3178 449 3231 H.
469 3179 500 3232 L.
516 3179 546 3232 P.
557 3180 590 3232 V.
609 3178 701 3234 Nolite
718 3197 784 3251 erpo
904 3179 1056 3235 Romanam
1080 3212 1114 3218 —-
1137 3181 1167 3234 P.
1186 3180 1258 3252 Imp.
1275 3180 1372 3245 sedem,

315 3264 448 3319 arbitrari
904 3265 934 3319 iet
950 3271 990 3319 est
1007 3265 1212 3319 Romam-M.
1228 3264 1301 3336 Imp.
1319 3266 1371 3319 sed.

275 3350 297 3382 ⁹¹
315 3349 347 3403 F.
366 3349 396 3402 P.
422 3346 552 3401 adversas
572 3349 688 3417 fratrem
706 3364 784 3402 serrem
903 3349 952 3403 sed
976 3355 1002 3403 et
1025 3349 1176 3404 Romanam
1199 3379 1231 3388 -
1258 3349 1290 3402 L.
1318 3366 1373 3404 aea

281 3433 305 3466 ⁹³
321 3433 354 3486 V.
371 3433 467 3502 faeere
484 3440 510 3487 et
527 3432 617 3488 de'cere
903 3435 989 3488 solem
1007 3434 1079 3506 Imp.
1096 3435 1151 3488 sed.
1168 3434 1217 3488 sed
1233 3435 1347 3491 Romam

318 3595 341 3627 ⁸⁹
356 3595 463 3649 Erana.
482 3594 635 3647 Marrnsar
655 3608 713 3660 cap.
725 3593 758 3644 X.
768 3610 792 3646 v.
807 3597 848 3657 34,
867 3599 908 3647 35.
944 3594 967 3627 ⁹³
984 3595 1070 3648 Actus
1083 3595 1206 3663 Apostol.
1215 3611 1273 3664 cap.
1282 3596 1304 3650 1.
1315 3615 1338 3650 v.
1353 3602 1373 3650 l.

283 3661 355 3731 Cap.
373 3661 414 3716 X.
433 3663 444 3694 ²
462 3660 679 3716 Commentorum
688 3660 721 3713 de
731 3660 867 3725 Silvestre,
878 3661 1112 3717 Constantinuma
1127 3664 1204 3784 lepra
1211 3663 1375 3720 miraculose

249 3734 379 3795 sanante,
406 3729 446 3783 ori
464 3731 522 3784 ines
546 3735 573 3783 et
591 3744 750 3798 progressus
769 3728 965 3797 elegantissime
986 3730 1132 3784 illustravit
1176 3747 1330 3788 omnmoaa
1347 3735 1375 3788 in

249 3797 318 3854 libro
336 3799 369 3853 de
386 3746 486 3852 fahuIis
504 3797 584 3851 medii
601 3798 660 3851 aevi
676 3797 765 3864 Papus
790 3813 802 3850 s
822 3798 975 3853 actantihus
994 3815 1020 3867 p.
1042 3803 1153 3852 52—61.
1193 3799 1234 3854 De
1257 3799 1310 3855 fide
1335 3802 1373 3857 eis

248 3866 392 3922 tribuenda
410 3882 463 3919 non
487 3866 617 3920 dubitavit
635 3870 733 3918 noster.
777 3814 820 3918 ed
836 3866 963 3920 Tnoman
981 3867 1084 3928 Aoum.
1114 3866 1146 3921 de
1163 3867 1266 3936 Regim.
1284 3869 1373 3938 priua.

249 3934 298 3986 IlI.
319 3940 358 3988 16.
379 3938 406 3987 et
423 3934 566 3988 Aeeroars
585 3934 670 3988 nostri
687 3933 786 3987 Infem.
805 3933 917 3987 XXVII.
936 3940 976 3987 94.

522 4075 634 4088 .....
655 4033 813 4088 Constantia
832 4034 922 4088 chiese
940 4034 1070 4089 Silvestre

522 4103 626 4158 Dentre
644 4101 745 4157 St'ratte‘
761 4121 778 4156 e
795 4103 894 4173 parerer
911 4103 982 4157 dello
1001 4103 1095 4159 lehhre.

317 4204 327 4236 ³
341 4203 382 4257 De
399 4204 525 4257 ementita
536 4203 707 4259 Constantini
724 4204 878 4268 donatione,
896 4205 1092 4273 posttetalies,
1110 4205 1374 4264 doctissImetracta·

247 4272 285 4326 vit
302 4270 483 4326 Donnnrnsna
506 4273 566 4326 loco
591 4289 642 4341 quo
666 4287 749 4342 supra
772 4277 944 4340 pet—106.
986 4273 1026 4328 Cf.
1053 4278 1080 4328 et
1096 4273 1315 4330 Famnanaorun
1333 4278 1376 4333 De
