2940 5040
203 332 263 395 138
450 337 584 392 DANTIS
602 337 823 392 MONARCHIA
840 338 887 391 111.
907 338 935 392 c.
957 343 996 393 ro.
1015 341 1079 404 (15.)

200 510 319 595 sophos
341 515 408 575 tota
430 510 523 576 nobis
545 509 694 587 innotuit3
722 510 821 576 haec
842 531 862 574 a
886 510 1005 594 Spiritu
1029 509 1162 593 Sancto,
1187 512 1242 593 qui
1265 532 1349 595 per

200 611 378 696 Prophetas
407 616 440 678 et
467 612 729 695 Hagiographos,
766 613 821 692 qui
848 632 906 695 per
935 616 1138 678 coaeternum
1167 613 1231 678 sibi
1261 613 1349 681 Dei

108 767 113 775 .
201 713 319 777 Filium
346 713 367 778 J
375 733 481 780 esum
512 713 728 795 Christum,
759 720 790 780 et
818 734 876 797 per
898 713 967 797 ejus
991 713 1179 798 discipulos,
1211 735 1334 800 supcr-

201 816 378 880 naturalem
400 816 568 882 veritatem
589 835 628 880 ac
642 815 734 880 nobis
756 816 969 882 necessariam
992 815 1162 900 revelavit)
1179 816 1342 883 humana.

150 930 183 980 so
202 915 359 1000 cupiditas
376 921 583 999 postergaret‚
606 916 668 981 nisi
683 916 827 983 homines
842 921 1005 999 tamquam
1020 918 1103 1000 equi,
1126 937 1184 982 sua
1201 918 1326 983 bestia-

200 1018 291 1085 litate
314 1022 477 1100 vagantes,
500 1018 532 1082 in
556 1037 646 1083 carno
671 1023 702 1084 et
723 1019 811 1084 t'reno
834 1025 1107 1103 compescerentur
1128 1020 1161 1083 in
1184 1021 1248 1084 via.

283 1121 418 1204 Propter
440 1118 526 1201 quod
548 1139 627 1202 opus
649 1119 708 1184 fuit
730 1120 849 1185 homini
871 1120 991 1203 duplici
1014 1119 1183 1202 directim,
1208 1141 1322 1186 secun-

200 1221 275 1287 dum
304 1220 465 1304 duplicem
492 1220 602 1286 finem:
630 1220 753 1288 scilicet
781 1241 927 1288 summo
951 1223 1169 1305 Pontil'ice,
1194 1224 1249 1304 qui
1273 1244 1322 1291 se-

200 1323 336 1389 cundum
359 1324 504 1389 revelata
518 1324 689 1387 humanum
712 1341 812 1404 genus
834 1323 1021 1406 perduceret
1035 1323 1077 1387 ad
1099 1325 1199 1388 vitam
1218 1331 1318 1391 aeter-

149 1441 182 1490 55
199 1446 288 1507 nam;
306 1429 337 1490 et
352 1425 619 1507 Imperatore,
637 1424 691 1505 qui
707 1424 879 1490 secundum
895 1425 1118 1511 philosophica
1130 1425 1318 1493 documenta

198 1545 298 1607 genus
313 1528 484 1591 humanum
500 1525 542 1589 ad
559 1528 767 1610 temporalem
782 1526 968 1593 felicitatem
983 1526 1143 1607 dirigeret.
1166 1528 1208 1592 Et
1225 1548 1318 1610 quum

199 1627 241 1691 ad
264 1629 347 1693 hunc
368 1632 494 1709 portum
516 1629 569 1694 vel
591 1628 686 1711 nulli,
709 1629 763 1694 vel
785 1629 894 1713 pauci,
925 1633 957 1694 et
979 1628 1013 1693 hi
1035 1649 1106 1694 cum
1129 1628 1317 1696 difficultate

199 1729 297 1793 nimia
318 1729 484 1811 pervenire
507 1730 646 1815 possint,
676 1730 737 1795 nisi
759 1729 880 1797 sedatis
902 1729 1048 1811 fluctibus
1070 1730 1210 1796 blandae
1234 1733 1317 1817 cupi·

200 1831 323 1913 ditatis,
347 1849 446 1912 genus
468 1831 638 1896 humanum
661 1832 797 1898 liberum
818 1833 851 1895 in
865 1833 955 1915 pacis
977 1832 1208 1912 tranquillitate
1232 1834 1316 1914 quie·

149 1949 183 1999 oo
201 1939 283 1998 scat:
306 1934 380 1999 hoe
401 1937 450 1998 est
464 1932 546 1997 illud
562 1934 695 2016 signum,
719 1933 762 1997 ad
777 1933 863 2013 quod
877 1934 1016 1998 maxime
1036 1933 1132 1999 debet
1153 1934 1317 2001 intendere

200 2041 324 2101 curator
352 2034 452 2118 orbis,
483 2035 536 2116 qui
566 2034 680 2100 dicitur
702 2037 862 2101 Romanus
885 2035 1051 2118 Princeps,
1079 2042 1114 2099 ut
1143 2036 1266 2101 scilicet
1287 2036 1319 2100 in

199 2138 308 2203 areola
337 2137 399 2201 ista
427 2135 608 2202 mortalium
635 2138 735 2203 libere
765 2158 835 2203 curn
863 2156 942 2221 pace
961 2136 1105 2205 vivatur.
1150 2137 1318 2218 Quumque

200 2237 366 2322 dispositio
389 2236 498 2303 mundi
527 2237 621 2320 hujus
650 2237 889 2324 dispositionem
917 2237 1135 2304 inhaerentem
1157 2239 1318 2304 coelorum

225 2476 248 2508 ⁴⁷
265 2475 298 2528 F.
317 2474 350 2527 H.
373 2474 404 2527 L.
429 2473 467 2526 M.
492 2474 522 2527 P.
542 2474 575 2528 V.
603 2482 629 2528 et
656 2475 731 2529 editt.
811 2475 832 2507 ⁸¹
852 2473 883 2525 L.
900 2475 927 2526 e'n
946 2489 1023 2527 canto
1041 2478 1067 2527 et
1086 2474 1169 2543 freno
1188 2475 1321 2529 maxillas

266 2565 329 2613 vett.
353 2589 382 2598 -
401 2560 433 2612 A.
451 2557 588 2629 Hoplopr.
613 2559 687 2628 quod
704 2561 732 2614 e'n
851 2575 943 2612 eorum
961 2574 1091 2628 cornpesc.

266 2650 350 2699 aocet.
369 2643 423 2697 sior·
438 2642 491 2696 oa·
504 2642 543 2710 fil.
557 2659 613 2712 per
629 2643 685 2697 Jes.
698 2675 733 2683 —
811 2644 832 2676 55
851 2643 880 2696 P.
898 2642 932 2695 V.
951 2648 977 2695 et
999 2642 1074 2696 editt.
1095 2648 1150 2696 ant.
1171 2640 1319 2695 lanzanum

267 2728 351 2781 EdItt.
377 2743 429 2781 rec.
448 2727 522 2798 Huq.
542 2744 595 2798 per
612 2735 733 2783 coaeter·
850 2743 936 2797 pernes
948 2727 1114 2797 produceret

267 2829 331 2866 nura
348 2819 398 2866 etc.
811 2814 834 2845 55
850 2812 888 2865 M.
900 2815 937 2876 (et
945 2812 1055 2879 interpr.
1066 2815 1157 2874 anon.)
1169 2811 1318 2865 secundum

225 2897 249 2929 ⁴⁹
265 2898 299 2951 A.
327 2900 363 2960 tet
388 2897 498 2965 interpr.
523 2901 613 2963 anon.)
637 2914 732 2969 super-
846 2895 965 2967 physica
983 2896 1163 2950 decrementa

266 2982 418 3036 rratcralem
436 2984 559 3036 vertutum
578 2982 651 3034 -L.
669 2983 732 3052 frn-
810 2983 832 3014 ⁵⁷
849 2982 884 3034 H.
894 2980 931 3034 ad
947 2980 1019 3035 horre
1031 2985 1144 3050 portuum
1161 2978 1206 3032 vel
1220 2979 1272 3032 ulli
1285 3008 1319 3018 -

267 3067 396 3120 letantem
414 3068 551 3120 veritatem
851 3066 883 3117 A.
907 3065 944 3118 acl
966 3064 991 3118 lc.
1012 3070 1086 3135 port.
1108 3080 1162 3116 non
1185 3063 1256 3117 rualli
1284 3093 1319 3104 -

282 3151 313 3204 F.
332 3151 369 3204 M.
387 3151 462 3204 RV
494 3168 527 3206 ac
550 3153 627 3208 crolle
643 3169 732 3208 neces-
851 3150 883 3204 F.
901 3150 939 3204 cd
956 3148 980 3203 lc
995 3155 1070 3220 port.
1088 3147 1159 3201 rrullr'

266 3237 341 3289 saria
809 3235 832 3268 ⁶²
849 3235 883 3288 H.
901 3234 960 3289 scil.
979 3235 1007 3287 in
1025 3232 1138 3287 aureolo

225 3323 248 3354 55
265 3321 296 3374 ln
315 3321 416 3388 aliquot
434 3320 509 3374 editt.
528 3321 597 3374 male
615 3320 731 3374 habetur
868 3321 929 3384 Ista,
948 3317 1104 3387 qnodcodd.
1122 3316 1250 3370 exhibent
1260 3333 1317 3370 om·

266 3405 377 3475 capidul.
394 3411 583 3476 proserperet
850 3420 906 3467 nes,
925 3403 1092 3458 desideratur
1109 3402 1138 3455 in
1153 3401 1228 3456 editt.
1248 3407 1316 3454 antt.

283 3490 315 3543 F.
331 3491 379 3544 abi
394 3489 514 3544 lromr'nes

267 3679 289 3710 55
319 3677 431 3731 Psalm
459 3681 499 3730 32.
528 3675 615 3740 (cath.
636 3680 687 3740 sl.)
714 3694 737 3729 v.
764 3681 788 3731 9.
816 3707 847 3715 —
876 3675 917 3729 Cf.
944 3676 1127 3742 Purgator.
1154 3673 1226 3727 XIV.
1258 3677 1315 3727 llo.

200 3748 222 3779 ⁵²
239 3746 382 3800 Aucnorus
400 3745 536 3812 Purgat.
556 3744 627 3797 XVI.
650 3748 706 3798 106.

401 3846 499 3901 Soleca
516 3846 618 3911 Ruina,
637 3844 686 3899 cde
704 3846 725 3899 il
742 3847 812 3901 buon
833 3846 930 3900 mondo
947 3846 1008 3966 ἴω,

470 3915 529 3970 Due
546 3911 608 3967 Soli
623 3930 702 3978 aver,
721 3913 770 3968 clze
787 3915 859 3968 tarra
876 3931 890 3968 e
908 3914 944 3968 l'c
956 3922 999 3966 cra
1016 3911 1111 3966 strada

469 3983 579 4038 Focean
597 3981 707 4047 vedere,
724 3999 739 4036 e
756 3983 802 4036 del
816 3982 914 4036 maredo
932 3999 947 4035 e
966 3982 996 4035 co·
1012 3981 1077 4036 Deo.

200 4087 223 4119 55
241 4087 383 4141 Aucnonrs
408 4084 608 4140 Conuiuium
631 4085 677 4139 IV.
698 4076 721 4139 6,
758 4083 964 4154 „Corepr'unpasi
986 4084 1013 4136 la
1033 4081 1168 4150 filosofica
1195 4080 1316 4133 auctorita

198 4153 268 4208 collo
286 4154 434 4226 imperiale,
452 4171 468 4207 α
485 4154 550 4208 bene
567 4169 582 4206 e
593 4153 953 4224 perfettumentereppere.“
995 4149 1147 4203 ⁰²Pnradis.
1158 4147 1244 4201 XXII.
1257 4153 1314 4201 151.

502 4255 630 4325 L’ujuolu
648 4253 697 4309 cde
714 4260 741 4310 ee·
756 4255 790 4324 fa
809 4259 884 4307 tanto
900 4254 997 4323 feroci.
