2940 5040
462 352 596 408 DANTIS
614 352 835 408 MONARCHIA
851 355 886 408 II.
906 355 934 410 C.
953 360 977 409 5.
1237 357 1276 418 53

155 525 359 609 studuerunt,
383 525 411 590 si
432 528 628 610 provincias,
658 527 685 591 si
714 527 817 593 socios
847 528 1009 609 aequitate
1035 533 1067 594 et
1087 529 1151 596 fide
1173 530 1278 599 defen-

155 628 292 712 dissent;
315 628 424 709 itaque
447 625 528 691 illud
542 629 752 711 patrocinium
774 629 860 695 orbis
874 623 1029 695 terrarum
1043 631 1159 714 potius,
1184 651 1279 713 quam
1298 653 1331 704 45

154 731 328 815 Imperium
349 735 474 814 poterat
495 729 681 797 nominari.“
724 731 814 797 Haec
837 731 988 798 Cicero.

240 833 291 897 De
313 832 501 916 personis
524 836 630 921 autem
653 833 937 915 singularibus
960 834 1186 916 compendiose
1207 857 1278 920 pro-

153 934 291 1019 grediar.
335 932 499 1014 Numquid
526 954 590 999 non
621 934 737 999 bonum
767 954 930 1000 commune
952 934 1128 1002 intendisse
1151 936 1279 1004 dicendi

154 1042 243 1120 sunt,
274 1035 329 1118 qui
357 1034 488 1117 sudore,
518 1034 573 1116 qui
600 1040 806 1121 paupertate,
836 1037 890 1118 qui
919 1038 1032 1122 exilio,
1062 1038 1116 1120 qui
1141 1038 1279 1105 filiorum

154 1139 336 1221 orbatione,
360 1136 415 1218 qui
429 1135 600 1203 amissione
615 1137 842 1221 membrorum,
867 1138 921 1220 qui
943 1139 1079 1222 denique
1101 1140 1278 1206 animarum
1296 1161 1329 1212 50

156 1241 319 1309 oblatione
342 1239 459 1304 bonum
482 1238 645 1323 publicum
668 1258 827 1322 exaugere
852 1241 958 1307 conati
980 1241 1074 1307 sunt?

239 1343 354 1408 Nonne
377 1316 643 1406 Cincinnatus
666 1341 722 1407 ille
744 1345 888 1406 sanctum
905 1343 999 1409 nobis
1022 1342 1151 1425 reliquit
1173 1363 1278 1409 exem·
1388 1348 1391 1362 '

153 1447 259 1531 plum,
289 1442 390 1507 libere
420 1438 601 1524 deponendi
630 1440 819 1526 dignitatem
847 1443 880 1508 in
908 1445 1058 1528 termino,
1088 1463 1200 1529 quum,
1229 1465 1279 1511 as·
1308 1456 1311 1460 ’

155 1551 299 1630 sumptus
328 1544 371 1609 ab
399 1548 522 1626 aratro,
551 1543 699 1610 Dictator
720 1545 822 1610 factus
845 1550 908 1629 est,
938 1553 973 1611 ut
994 1546 1138 1612 Livius
1160 1545 1279 1612 refert?

153 1649 196 1714 Et
218 1652 292 1732 post
313 1645 495 1728 victoriam,
522 1650 596 1730 post
617 1646 827 1731 triumphum,
856 1653 981 1733 sceptro
1004 1647 1208 1733 imperatorio
1231 1667 1278 1712 re·
1299 1671 1329 1721 55

154 1751 265 1816 stituto
295 1747 501 1830 Consulibus,
532 1746 701 1813 sudaturus
730 1753 805 1831 post
832 1749 932 1816 boves
962 1749 1005 1815 ad
1033 1750 1150 1815 stivam
1179 1749 1280 1816 libere

153 1867 301 1918 reversus
324 1854 381 1917 est.
424 1848 549 1933 Quippe
571 1849 605 1913 in
633 1849 704 1933 ejus
732 1849 862 1916 laudem
886 1850 1042 1935 Cicero,
1073 1856 1182 1917 contra
1203 1851 1278 1937 Epi·
1312 1928 1314 1932 Ι

155 1973 272 2036 curum,
296 1952 329 2016 in
342 1952 383 2016 iis
406 1970 487 2033 quae
510 1949 550 2016 de
565 1950 645 2017 Fine
670 1953 831 2035 bonorum,
855 1950 1047 2038 disceptans,
1070 1952 1166 2036 hujus
1182 1953 1277 2020 bene-

154 2055 218 2122 ficii
239 2074 361 2119 memor
381 2052 454 2118 fuit:
477 2052 640 2137 „Itaque,“
661 2053 779 2137 inquit,
803 2058 856 2137 „et
873 2052 1012 2137 majores
1027 2054 1127 2118 nostri
1145 2052 1186 2117 ab
1209 2073 1278 2117 ara-

153 2163 201 2224 tro
226 2157 383 2222 duxerunt
405 2153 625 2220 Cincinnatum
646 2155 752 2239 illum,
774 2161 810 2219 ut
831 2155 977 2220 Dictator
1000 2154 1114 2220 esset.“
1297 2179 1329 2231 60

238 2259 353 2324 Nonne
375 2256 589 2322 Fabricius
612 2257 712 2321 altum
739 2256 833 2323 nobis
859 2255 947 2323 dedit
969 2257 1151 2340 exemplum
1175 2258 1277 2322 avari-

181 2463 204 2494 ⁴³
221 2460 384 2515 studuerunt
402 2459 478 2513 deest
494 2458 523 2512 in
540 2457 571 2510 F.
809 2455 880 2510 Edd.
898 2456 1065 2512 subadactus
1088 2457 1229 2526 (Princeps
1250 2458 1279 2512 in

181 2548 206 2580 ⁴⁸
223 2547 255 2600 L.
274 2544 310 2598 M.
324 2543 523 2616 promediator
810 2556 893 2609 marg.
912 2541 1046 2608 subditus)

181 2633 204 2665 ⁵⁰
220 2630 252 2683 P.
262 2630 427 2685 abscissione
439 2629 477 2692 (tn
486 2643 585 2696 marga
604 2626 689 2693 „alias
827 2625 858 2678 F.
877 2626 1018 2682 adscivere
1042 2657 1076 2667 -
1101 2627 1171 2681 alius
1195 2625 1280 2680 situas

222 2716 395 2779 omissione‘)
809 2741 844 2749 -
861 2711 891 2765 M
909 2711 947 2766 ad
963 2728 1014 2766 sua
1031 2742 1065 2751 -
1077 2713 1110 2765 A.
1129 2717 1155 2765 et
1172 2713 1279 2766 minum

181 2803 203 2834 ⁵¹
221 2799 258 2853 M.
278 2805 305 2853 et
323 2797 382 2853 edd.
401 2813 503 2868 cupere
827 2794 922 2861 libere,
942 2795 1014 2864 quod
1030 2796 1133 2851 habent
1145 2796 1176 2849 F.
1194 2796 1228 2850 Η.
1247 2797 1278 2850 L.

181 2884 258 2938 53Μ.
277 2884 414 2938 inanimo
433 2881 509 2934 —L.
528 2881 557 2935 iu
574 2896 691 2952 apro-
809 2880 846 2933 M.
864 2880 895 2934 P.
912 2882 946 2936 V.
976 2880 1105 2936 omittunt
1121 2881 1155 2934 A.
1173 2884 1201 2935 et
1218 2880 1278 2936 edd.

221 2971 253 3024 F.
273 2971 301 3024 iu
320 2974 375 3023 tcto
743 2946 790 2998 '⁶⁸
807 2964 840 3017 H.
859 2965 889 3018 L.
908 2965 938 3018 P.
956 2965 989 3019 V.
1013 2965 1164 3036 disjectum
1188 2996 1221 3004 -
1245 2966 1277 3019 A.

181 3057 203 3090 ⁵⁰
219 3055 255 3108 H.
273 3054 304 3107 L.
323 3053 360 3106 M.
379 3051 409 3105 P.
427 3051 460 3105 V.
489 3052 516 3103 et
538 3049 625 3104 versio
643 3048 690 3103 Fi·
806 3049 921 3104 dixerat

222 3139 277 3194 cini
296 3168 331 3178 —
359 3137 390 3190 F.
412 3136 571 3191 subditurus
600 3133 690 3195 tZatta
768 3134 790 3167 ⁶¹
808 3133 839 3187 F.
865 3134 898 3187 Η.
922 3134 952 3187 Ρ.
975 3134 1008 3188 V.
1028 3139 1055 3189 et
1080 3135 1168 3190 versio
1189 3134 1279 3189 Fieini

221 3223 356 3284 subditur)
366 3250 401 3261 -
414 3221 447 3273 A.
465 3236 495 3274 se
513 3219 641 3274 daturum
655 3247 689 3256 -
807 3248 841 3256 -
858 3219 890 3272 A.
909 3219 940 3272 L.
959 3219 993 3272 M.
1023 3223 1051 3273 et
1077 3219 1136 3274 edd.
1160 3224 1279 3289 (praeter

808 3303 945 3366 Turrium)
962 3303 1077 3357 alterum
1094 3304 1251 3376 exemplum

223 3497 245 3529 ⁵⁴
263 3495 363 3548 L1r1us
379 3491 426 3546 VI.
445 3495 487 3556 28,
505 3495 546 3545 29.
616 3491 639 3523 ⁵⁷
657 3488 784 3543 Ososruu
801 3488 885 3557 magIs
920 3504 983 3542 uam
1004 3488 1110 3542 Livium
1134 3493 1277 3559 sequutum

154 3578 213 3619 esse
231 3570 371 3618 auctorem
387 3564 519 3626 nostrum,
536 3558 609 3612 illins
619 3557 717 3612 docent
733 3558 823 3624 verba,
842 3573 908 3625 quae
936 3558 1052 3611 abentur
1069 3559 1097 3611 in
1115 3558 1173 3626 ejus
1184 3558 1276 3613 Histo-

153 3633 200 3688 riis
218 3632 253 3686 H.
275 3636 313 3684 12.
349 3629 508 3696 „Quinctius
518 3627 694 3682 Cincinnatus
705 3667 711 3679 .
722 3665 728 3678 .
739 3666 763 3679 ..
782 3625 908 3680 Dictator
923 3666 983 3679 ....
1000 3624 1046 3693 qui
1069 3631 1192 3695 repertus
1210 3626 1276 3690 ruri,

153 3703 187 3756 ab
210 3705 302 3755 aratro
325 3697 473 3752 accersitus
498 3696 532 3750 ad
554 3695 655 3759 fasces,
674 3698 781 3762 sumpto
797 3695 912 3761 honore,
939 3697 1127 3762 instructoque
1149 3695 1276 3760 exercitu,

150 3770 247 3849 jugum
270 3769 352 3822 boum
378 3765 452 3835 equis
475 3763 615 3833 imposuit,
638 3761 831 3830 victoriamque
856 3761 933 3832 quasi
961 3760 1056 3816 stiram
1079 3769 1189 3826 tenens,
1212 3763 1275 3817 sub-

150 3841 261 3907 jugatos
278 3836 369 3890 hostes
387 3849 453 3902 prae
471 3831 620 3901 septimus
638 3831 723 3913 egitf‘,
753 3830 792 3903 cf.
811 3831 953 3885 Aucrorus
970 3829 1068 3884 Parad.
1086 3829 1132 3884 VI.
1151 3835 1192 3884 46.

557 3915 695 3982 .Quinzio
713 3914 762 3970 obe
779 3915 828 3970 dal
844 3917 917 3971 cirro

425 3985 552 4056 Nepletto
568 3985 604 4055 fu
621 3988 732 4038 nemeto

152 4073 267 4142 ejusque
285 4070 441 4126 Conuiuium
457 4071 504 4125 IV.
523 4075 548 4123 5.
573 4068 641 4134 „Cbi
657 4067 719 4148 diret
736 4068 767 4123 di
782 4067 899 4134 Quiazio
918 4066 1077 4148 Cincinnato
1093 4067 1168 4137 fatto
1185 4065 1274 4122 Datta-

153 4139 426 4280 ttsrsuttbt
444 4135 882 4262 subbata‘statut'
904 4135 1025 4258 urps),
1063 4140 1276 4259 uetustus

153 4278 247 4333 maror.
295 4279 419 4342 ‚crura
