2940 5040
447 354 582 409 DANTIS
599 352 819 409 MONAROHIA
835 355 884 408 111.
903 353 933 409 0.
952 359 978 409 4.
1210 356 1267 415 101

238 527 298 592 His
319 527 427 608 itaque
449 525 662 610 praenotatis,
690 524 734 590 ad
761 525 795 590 id
818 524 904 608 quod
932 525 1077 609 superius
1106 526 1270 594 dicebatur
1288 550 1319 601 st

153 631 226 696 dico
248 650 305 715 per
326 627 600 711 interemptionem
622 628 709 693 illius
731 626 823 710 dicti,
847 626 933 709 quod
956 626 1078 694 dicunt:
1107 629 1165 694 illa
1194 629 1270 697 duo

151 731 369 798 luminaria
398 730 504 815 typice
533 729 705 830 importare
734 729 796 796 duo
834 728 914 794 haec
941 729 1110 815 regimina,
1141 731 1176 796 in
1208 752 1270 814 quo

153 833 282 916 quidem
305 831 389 898 dicto
411 837 480 898 tota
501 831 550 897 vis
573 831 751 913 argumenti
775 830 927 896 consistit.
971 831 1065 910 Quod
1086 837 1193 898 autem
1214 833 1270 900 ille

151 956 263 1001 sensus
286 934 412 1001 omnino
428 931 575 997 sustineri
589 952 652 998 non
667 932 777 1017 possit,
800 930 920 1016 duplici
942 932 997 996 via
1011 938 1118 1016 potest
1136 933 1270 1001 ostendi.

151 1037 274 1120 Primo,
299 1036 373 1117 quia
396 1053 492 1116 quum
514 1034 696 1118 hujusmodi
718 1033 874 1114 regimina
896 1033 959 1099 sint
974 1033 1152 1101 accidentia
1174 1055 1269 1118 quae-
1288 1058 1321 1108 ro

153 1137 228 1203 dam
249 1136 350 1222 ipsius
372 1135 525 1218 hominis,
547 1135 710 1202 videretur
731 1136 820 1202 Deus
848 1155 924 1201 usus
945 1135 1043 1200 finisse
1066 1136 1178 1203 ordine
1200 1158 1270 1220 per-

153 1259 248 1306 verso
255 1289 263 1322 ‚
296 1237 475 1303 accidentia
495 1237 584 1321 prius
608 1236 829 1323 producendo,
859 1257 955 1318 quam
982 1237 1144 1322 proprium
1166 1239 1270 1323 subje

153 1346 253 1423 ctum3
285 1338 371 1420 quod
398 1337 571 1404 absurdum
599 1343 649 1403 est
677 1336 782 1404 dicere
815 1338 855 1406 de
882 1339 962 1406 Deo.
1011 1341 1095 1405 Nam
1123 1341 1181 1405 illa
1209 1339 1272 1407 duo

152 1441 323 1508 luminaria
344 1439 500 1526 producta
527 1445 600 1505 sunt
628 1438 681 1506 die
704 1446 832 1524 quarto,
862 1446 894 1506 et
915 1440 1011 1507 homo
1035 1440 1087 1508 die
1109 1448 1215 1526 sexto;
1238 1447 1273 1507 ut

153 1549 242 1629 patet
264 1543 296 1607 in
318 1543 419 1608 litera.
1291 1567 1322 1616 π,

239 1645 425 1726 Praeterea,
455 1661 551 1724 quum
573 1642 635 1706 ista
657 1642 812 1723 regimina
839 1644 903 1708 sint
932 1642 1093 1710 hominum
1119 1642 1273 1710 directiva

152 1745 187 1811 in
209 1744 365 1829 quosdam
386 1744 474 1826 fines,
497 1749 531 1808 ut
552 1742 634 1807 infra
648 1743 782 1827 patebit,
805 1745 834 1809 si
855 1745 949 1810 homo
972 1745 1111 1812 stetisset
1132 1744 1167 1809 in
1188 1751 1274 1812 statu

152 1846 368 1930 innocentiae,
391 1846 424 1911 in
447 1864 509 1927 quo
532 1865 551 1909 a
572 1846 643 1910 Deo
665 1845 767 1911 facttrs
789 1852 838 1913 est
845 1896 853 1929 ,
882 1846 1000 1912 talibus
1026 1845 1188 1913 ‹lirectivis
1209 1865 1273 1913 non

153 1949 351 2031 indiguisset.
397 1946 477 2012 Sunt
504 1964 580 2028 ergo
603 1946 786 2031 hujusmodi
813 1947 970 2028 regimina
997 1946 1140 2013 remedia
1163 1952 1273 2013 contra

152 2051 369 2116 infirmitatem
391 2048 524 2134 peccati.
568 2049 672 2128 Quum
701 2068 777 2132 ergo
805 2069 869 2116 non
897 2050 999 2116 solum
1027 2049 1062 2113 in
1083 2048 1136 2114 dic
1159 2054 1272 2130 quarto
1291 2060 1323 2110 80

152 2158 346 2237 peccator
368 2153 463 2217 homo
484 2170 548 2216 non
570 2157 652 2234 erat,
676 2150 846 2218 sedetiam
869 2150 1055 2234 simpliciter
1076 2150 1190 2217 homo
1212 2170 1276 2216 non

154 2258 238 2339 erat,
267 2251 443 2337 producere
478 2250 620 2318 remedia
646 2252 759 2319 fuisset
787 2253 939 2336 otiosum,
978 2251 1063 2334 quod
1091 2258 1140 2319 cst
1168 2257 1277 2319 contra

155 2356 298 2422 divinam
320 2355 504 2422 bonitatem.
557 2351 679 2420 Stultus
708 2353 793 2420 enim
824 2360 910 2420 esset
931 2352 1089 2438 medicus,
1120 2352 1276 2435 quiante

153 2459 357 2524 nativitatem
377 2455 529 2540 hominis,
552 2477 610 2541 pro
634 2460 832 2539 apostemate
853 2455 973 2539 futuro,
999 2455 1049 2521 illi
1070 2455 1276 2540 emplastrum

155 2559 332 2627 conficeret.
376 2558 450 2624 Non
470 2556 566 2638 igitur
588 2555 758 2624 dicendum
781 2563 845 2642 est,
869 2556 955 2640 quod
977 2561 1090 2639 quarto
1113 2557 1165 2624 die
1187 2558 1276 2624 Deus
1294 2569 1325 2620 85

181 2746 205 2778 ⁰⁶
221 2743 255 2797 H.
273 2743 334 2798 dico
352 2758 409 2814 pro
429 2742 635 2812 interemptione
656 2773 689 2782 -
768 2744 791 2776 ⁷²
808 2742 841 2796 V.
855 2743 939 2815 prius
950 2741 1125 2815 procedendo

224 2829 255 2882 V.
284 2827 345 2882 dico
366 2843 422 2898 per
448 2826 627 2880 intencionem
656 2856 690 2865 —
768 2828 792 2862 ⁷⁰
808 2828 842 2881 A.
861 2829 913 2883 ista
930 2826 984 2881 duo
1002 2828 1136 2898 repiminu

223 2913 256 2965 A.
282 2912 344 2966 dico
368 2910 443 2981 quod
465 2911 639 2965 intentionem
656 2941 690 2951 -
768 2913 792 2946 ⁷⁸
809 2913 844 2967 A.
862 2911 963 2967 talibus
975 2910 1106 2965 doctrinis
1117 2927 1173 2966 non
1190 2911 1275 2982 indip.

222 2998 261 3051 M.
282 2996 342 3052 dico
362 3012 416 3067 per
440 2996 691 3065 interpretationem
769 2996 793 3030 ⁷⁹
810 2997 842 3050 L.
860 2995 894 3050 V.
913 2994 984 3050 Sunt
1000 3011 1067 3067 erpo
1082 2996 1166 3068 injus
1182 2996 1276 3067 repim.

240 3079 311 3135 Edd.
339 3081 406 3136 dicti
428 3079 503 3151 quod
527 3079 627 3135 dictum
651 3085 692 3136 est
810 3112 844 3121 -
861 3080 898 3135 Μ.
916 3079 987 3136 Sunt
1004 3097 1070 3153 erpo
1087 3078 1156 3136 lucc
1171 3096 1231 3150 rep.

223 3197 258 3207 —
276 3166 417 3235 Sequimur
435 3163 555 3231 codices,
573 3164 644 3219 inter
661 3179 691 3220 se
712 3222 717 3233 ,
770 3165 793 3198 ⁸²
809 3165 879 3219 Edd.
888 3165 1015 3228 remedia,
1031 3169 1132 3220 eertum
1142 3169 1182 3220 est
1188 3165 1278 3234 fuisse

225 3250 381 3318 concordes,
395 3251 440 3305 vel
450 3253 586 3320 certeque
598 3248 693 3305 dicunt
812 3251 927 3305 otiosum
959 3280 992 3291 -
1018 3249 1131 3305 Praeter
1156 3248 1278 3304 codicum

223 3338 355 3405 legentes,
390 3342 419 3390 et
451 3334 589 3390 Ficinum:
629 3333 695 3405 quel
812 3350 973 3391 consensum
988 3334 1129 3390 nobiscum
1149 3332 1214 3388 facit
1229 3332 1276 3387 Fi·

225 3421 310 3484 dctto,
328 3437 377 3476 oue
393 3419 544 3490 nffmmano
812 3420 897 3475 cinus.

185 3509 207 3542 ⁶⁷
225 3508 258 3561 H.
275 3508 330 3562 cluo
348 3503 508 3577 hujusmodi
523 3505 658 3576 repiminu
771 3505 794 3538 ⁸³
811 3505 843 3558 L.
866 3503 972 3559 Stultus
994 3511 1083 3560 nutem
1105 3508 1175 3558 esset
1194 3532 1227 3542 -
1244 3503 1277 3556 A.

185 3592 209 3627 ⁶⁹
224 3591 258 3646 V.
278 3591 424 3662 dupliciter
440 3590 485 3643 via
499 3593 591 3661 potest
607 3619 641 3628 -
658 3589 692 3642 A.
811 3588 918 3644 Stultus
934 3595 1003 3645 esset
1028 3618 1059 3629 -
1083 3587 1152 3643 Edd.
1170 3585 1278 3642 Stultus

226 3676 332 3749 duplici
342 3677 436 3747 potest
812 3675 908 3729 etenim
926 3679 994 3729 esset

185 3764 209 3795 ⁷⁰
225 3762 264 3815 M.
283 3760 350 3815 inec
366 3758 501 3830 sepimine
512 3787 546 3798 -
559 3754 589 3808 P.
609 3753 694 3827 liujus
772 3759 794 3793 ⁸⁴¹
811 3759 843 3812 F.
860 3759 959 3828 futuro
977 3758 1154 3830 emplastrum

225 3846 360 3918 repimina
773 3845 795 3878 ⁸⁶
812 3844 843 3898 F.
861 3843 925 3898 Non
943 3859 1009 3914 erpo
1027 3842 1078 3898 dic.

185 3932 209 3964 n
225 3928 295 3986 End.
320 3928 471 3984 condentia
494 3926 599 3981 scilieet
610 3927 694 3997 prius

226 4047 261 4056 —-
278 4015 309 4068 F.
328 4029 383 4068 acc.
397 4013 491 4085 primo

179 4255 185 4267 ι
229 4187 252 4218 ⁷⁵
269 4184 443 4251 ‚‚Litera“‚
460 4199 512 4237 vox
530 4180 655 4237 solemnis
680 4181 841 4250 scriptorum
858 4179 938 4236 medii
962 4180 1019 4236 aeri
1037 4197 1087 4250 pro
1105 4184 1196 4250 textu,
1220 4197 1276 4237 ma·

158 4269 229 4309 xnne
246 4268 333 4308 sacro.
