2940 5040
454 334 587 389 DANTIS
605 335 823 391 MONARCHIA
840 336 887 390 ΙΠ.
907 337 934 392 G.
953 342 977 392 t.
1234 337 1278 399 99

243 503 313 570 Ηο1
335 506 421 589 1110,
445 507 487 571 ad
509 507 673 574 meliorem
694 508 789 592 hujus
816 515 847 574 et
868 509 1003 575 aliarum
1026 509 1156 576 inferius
1177 510 1273 576 facta-

154 627 226 673 rum
248 607 439 673 solutionum
455 609 658 693 evidentiam,
681 608 921 692 advertendum,
945 610 1031 693 quod
1051 612 1135 677 circa
1149 633 1276 678 sensum

154 709 326 795 mysticum
355 708 524 795 dupliciter
552 730 656 777 errare
685 711 852 792 contingit:
882 717 938 776 aut
970 713 1150 794 quaerendo
1171 714 1276 797 ipsum
1295 734 1326 784 35

154 812 211 876 ubi
232 831 297 876 non
318 818 382 895 est,
406 818 461 877 aut
482 810 668 895 accipiendo
691 811 785 877 aliter
807 831 903 893 quam
925 813 1027 896 accipi
1051 812 1175 881 debeat.

241 914 376 996 Propter
397 914 562 998 primum
592 912 670 977 dicit
697 913 946 995 Augustinus
973 915 1007 978 in
1037 914 1174 985 Ciuitate
1196 917 1275 983 Dei:

154 1016 229 1082 Non
252 1014 358 1081 omnia
387 1034 470 1097 quae
497 1020 589 1097 gesta
610 1020 792 1097 narrantur,
822 1014 918 1081 etiam
948 1014 1127 1098 significare
1152 1017 1275 1099 aliquid

153 1116 298 1203 putanda
320 1120 406 1200 sunt3
430 1116 489 1182 sed
511 1121 641 1201 propter
662 1116 720 1181 illa
734 1135 816 1198 quae
832 1117 955 1199 aliquid
970 1118 1157 1201 significant,
1176 1118 1274 1184 etiam

154 1238 305 1300 eaquae
333 1219 413 1283 nihil
442 1218 636 1301 significant,
669 1222 860 1286 attexuntur.
916 1216 993 1285 Solo
1030 1240 1158 1286 vomere
1189 1225 1274 1287 terra
1291 1241 1324 1291 ro

152 1320 381 1404 proscinditur,
416 1319 475 1385 sed
503 1325 538 1384 ut
565 1321 626 1386 hoc
652 1318 722 1386 fieri
750 1321 866 1405 possit,
900 1320 997 1386 etiam
1020 1327 1148 1387 caetera
1176 1323 1274 1387 aratri

153 1423 297 1487 membra
318 1427 392 1487 sunt
412 1422 600 1488 necessaria.

239 1525 373 1609 Propter
395 1522 625 1606 secundum,
654 1521 760 1589 idem
782 1524 828 1588 ait
849 1523 882 1587 in
907 1523 1060 1590 Doctrina
1083 1524 1273 1609 Christiana,

153 1625 288 1706 loquens
317 1625 357 1692 de
385 1624 458 1708 illo,
494 1624 548 1705 qui
576 1625 646 1689 vult
667 1622 756 1689 aliud
776 1625 812 1689 in
833 1625 995 1708 scripturis
1017 1625 1148 1709 sentire,
1178 1645 1273 1708 quam

151 1726 208 1792 1111
232 1727 286 1809 qui
307 1725 433 1811 scripsit
455 1746 510 1792 eas
532 1725 624 1808 dicit,
648 1725 733 1807 quod
755 1727 821 1809 „ita
842 1726 971 1809 fallitur,
995 1746 1033 1791 ac
1055 1728 1082 1791 si
1105 1727 1273 1810 quisquam
1290 1751 1322 1802 ts

153 1827 303 1894 deserens
326 1828 428 1911 viam,
452 1848 489 1894 eo
512 1832 620 1893 tamen
641 1847 699 1911 per
720 1845 833 1911 gyrum
854 1832 1017 1911 pergeret,
1048 1848 1110 1909 quo
1139 1830 1193 1894 via
1213 1829 1273 1895 illa

150 1928 328 2014 perducit.“
363 1929 406 1993 Et
427 1928 547 1994 subdit:
570 1927 880 2011 „Demonstrandum
903 1936 966 2014 est,
988 1935 1023 1994 ut
1045 1931 1272 2001 consuetudine

178 2131 201 2164 ³³
219 2132 251 2184 A.
270 2129 304 2183 H.
322 2130 352 2183 Ρ.
371 2127 454 2199 bajas
471 2129 588 2183 aliarum
763 2130 785 2160 ⁴⁴
803 2129 893 2184 Verba
917 2131 968 2199 qai
988 2131 1058 2195 11111,
1082 2146 1151 2199 quae
1174 2131 1273 2188 desunt

180 2216 202 2248 ³⁴
221 2216 251 2268 F.
261 2214 292 2268 L.
303 2213 332 2267 P.
343 2213 375 2267 V.
387 2213 462 2283 qaod
474 2222 569 2269 corrtra
578 2231 685 2268 scaram
804 2215 832 2267 in
851 2213 972 2280 caeteris,
990 2216 1140 2284 recepimus
1149 2232 1182 2271 ex
1193 2217 1270 2271 codd.

179 2300 203 2332 11
219 2299 249 2352 Ρ.
268 2298 368 2353 omittit
386 2301 526 2369 mysticum
804 2299 835 2353 1..
853 2299 890 2352 M.

178 2385 202 2416 11
218 2383 250 2439 P.
268 2384 359 2453 accipi
375 2383 487 2438 debebat
823 2385 854 2436 V.
876 2384 1052 2439 aliadctr'am
1069 2388 1162 2457 script.

177 2469 199 2501 11
218 2469 251 2522 A.
269 2468 307 2521 M.
324 2467 357 2520 V.
376 2469 404 2521 ia
423 2467 492 2523 libro
515 2467 685 2523 decivitate.
763 2469 786 2502 ⁴⁴
804 2469 836 2522 F.
867 2469 896 2522 P.
928 2469 1039 2540 fallitur
1074 2473 1100 2525 si
1126 2474 1270 2542 qaisquam

218 2584 252 2591 —
269 2552 303 2605 Η.
322 2554 351 2607 3⁰
368 2552 402 2607 dc
420 2551 495 2607 Civit.
520 2583 553 2592 —
574 2552 685 2607 Ficinus
806 2554 847 2619 (P.
867 2555 893 2608 si
908 2555 1034 2624 siquam),
1052 2555 1150 2610 omisso
1169 2573 1202 2611 ac

219 2637 264 2691 rrcl
281 2636 350 2690 libro
367 2637 439 2691 dctla
459 2636 528 2691 Citra
763 2639 787 2671 11
804 2639 885 2707 Apud
900 2639 1080 2707 Augustinum
1097 2639 1219 2708 legimus:
1238 2657 1270 2695 co

176 2724 200 2756 ³³
217 2722 303 2776 Editt.
323 2721 386 2777 Nan
404 2738 470 2776 carre
488 2724 578 2777 omnia
805 2732 893 2778 tamen
905 2740 961 2795 per
971 2742 1068 2796 apraru
1076 2730 1188 2796 perpet,
1199 2725 1270 2779 unde

178 2809 200 2840 ⁴¹
218 2808 249 2861 P.
278 2814 351 2861 terra
374 2807 563 2878 prascioditar
587 2837 622 2847 -
647 2806 680 2860 Η.
805 2808 985 2873 divinandum,
1000 2816 1138 2864 auctorem
1148 2815 1270 2863 nostrum

219 2898 293 2945 terra
305 2892 494 2962 persciadr'tar
507 2921 539 2932 ·-
552 2893 591 2948 M.
609 2899 684 2947 terra
804 2900 880 2948 textu
906 2894 994 2948 minus
1027 2899 1148 2949 correcto
1177 2893 1270 2949 Sancti

216 2976 357 3031 scinditur.
802 2978 983 3046 Hipponensis
1002 2995 1080 3035 usum
1098 2995 1165 3034 esse.

178 3063 211 3127 ⁴¹,
230 3063 254 3094 ⁴²
271 3062 302 3114 F.
315 3062 414 3133 possit,
437 3066 544 3116 caetera
565 3061 690 3117 membra
761 3063 835 3128 11,11
858 3064 891 3117 A.
919 3063 950 3118 P.
978 3066 1022 3119 aia
1050 3065 1097 3119 ilia
1123 3065 1164 3128 tP.
1192 3065 1267 3125 illac)

217 3152 312 3200 aratro
800 3148 929 3218 producit

176 3232 200 3264 ⁴³
216 3231 255 3285 M.
275 3229 393 3301 Propter
411 3231 486 3301 qaod
503 3231 572 3285 iriam
761 3232 783 3264 11
802 3232 904 3287 Textus
934 3233 1078 3301 Augustini
1106 3233 1207 3289 rectius
1234 3252 1268 3290 ac

175 3317 199 3349 ⁴³
216 3314 302 3369 Editt.
321 3318 360 3370 ait
377 3318 405 3371 in
425 3316 493 3372 libro
505 3317 539 3371 dc
551 3316 683 3372 Doctrina
801 3332 893 3370 carisa.

218 3504 240 3536 ³⁴
258 3503 334 3557 Haec
351 3503 463 3557 totidem
480 3502 587 3571 quidem
604 3502 692 3556 verbis
715 3501 744 3556 in
767 3501 844 3558 libris
868 3502 907 3557 de
925 3502 1018 3556 Civit.
1039 3503 1100 3559 Dei
1118 3504 1266 3572 deprehen-

149 3571 212 3626 dere
229 3571 293 3625 mihi
311 3587 365 3625 non
383 3571 507 3640 contigit3
533 3569 630 3624 similia
652 3576 742 3624 tamen
766 3580 829 3624 sunt
847 3586 916 3639 quae
937 3571 1062 3640 leguntur
1084 3588 1142 3640 cap.
1164 3577 1186 3626 2.
1204 3572 1268 3627 libri

147 3639 246 3693 XVH.:
278 3639 362 3706 „Mihi
380 3647 484 3704 autem,
507 3639 578 3694 sicut
594 3638 708 3692 multum
725 3638 847 3694 videntur
866 3655 970 3706 errare,
989 3640 1035 3709 qui
1052 3641 1141 3694 nullas
1159 3656 1203 3694 res
1220 3656 1265 3708 ge-

148 3712 205 3762 stas
228 3708 257 3760 in
280 3722 312 3761 eo
336 3722 432 3774 genere
455 3706 593 3761 literarum
616 3706 718 3775 aliquid
740 3707 814 3761 aliud
837 3714 945 3776 praeter
968 3708 1010 3772 id,
1035 3708 1106 3775 quod
1130 3724 1161 3762 10
1185 3709 1265 3763 modo

147 3782 223 3844 gesta
241 3780 319 3838 sunt,
338 3774 491 3843 significare
509 3774 689 3839 arbitrantur,
707 3775 745 3829 ita
762 3776 876 3830 multum
894 3776 1006 3832 audere.
1029 3777 1073 3844 qui
1094 3792 1206 3844 prorsus
1229 3777 1266 3830 ibi

148 3844 237 3898 omnia
255 3843 494 3910 significationibus
504 3842 654 3909 allegoricis
667 3843 788 3897 involuta
798 3860 857 3898 esse
875 3844 1068 3898 contendunt.⁴‘
1137 3845 1161 3877 ⁴³
1169 3844 1264 3898 Acco-

147 3927 244 3965 sarnus
263 3912 311 3965 De
329 3911 435 3965 doctr.
455 3911 583 3965 Christ.
602 3910 623 3964 1.
643 3916 689 3964 36:
715 3910 858 3980 „Quisquis
875 3913 904 3966 in
922 3913 1064 3980 scripturis
1082 3911 1155 3966 aliud
1173 3913 1263 3978 sentit,

147 3995 226 4048 quam
244 3980 289 4033 ille
307 3981 352 4047 qni
370 3978 490 4047 scripsit,
508 3979 559 4032 illis
577 3995 631 4032 nou
648 3979 854 4046 mentientibus,
872 3981 986 4046 fellitum
1006 3980 1053 4035 sed
1071 3988 1160 4034 tamen
1180 4021 1185 4033 .
1207 4021 1212 4033 .
1231 4020 1237 4032 .
1257 4021 1263 4032 .

145 4047 185 4102 ita
202 4048 320 4111 fallitur,
338 4063 371 4101 ac
390 4049 413 4101 si
430 4047 582 4116 quisquam,
602 4062 692 4100 errore
711 4047 836 4101 deserens
854 4049 931 4113 viam,
949 4064 981 4102 eo
1000 4056 1088 4103 tarnen
1105 4063 1154 4117 per
1171 4063 1264 4116 agrum

145 4122 253 4185 pergat,
279 4132 332 4184 quo
357 4115 437 4168 etiam
455 4116 497 4168 via
520 4115 566 4169 ilia
583 4115 714 4183 perducit.
759 4116 940 4196 Corrigendus
958 4122 1120 4179 esttamen,
1140 4120 1168 4170 et
1184 4133 1264 4185 quam

146 4184 183 4238 sit
199 4184 291 4238 utilius
309 4183 545 4238 demonstrandum
564 4192 617 4250 est,
635 4199 669 4237 ne
688 4184 881 4238 consuetudine
896 4185 1018 4240 deviandi
1035 4184 1064 4238 in
1081 4190 1264 4240 transversum

146 4258 194 4306 aut
211 4267 366 4320 perversum
383 4253 422 4306 ire
440 4257 576 4320 cogatur.“

1100 4294 1103 4299 ¹
1135 4300 1138 4305 ’
1291 4298 1321 4310 Aa

1097 4324 1103 4338 J
1135 4326 1140 4336 r
1281 4318 1286 4325 1
1312 4314 1332 4342 ‘a

1088 4337 1140 4373 rt,
1219 4354 1223 4361 ,
1279 4332 1300 4357 st

1093 4354 1104 4398 ,j
1216 4364 1238 4391 Ι.
1279 4360 1331 4387 ⁴...

1108 4416 1112 4425 Ι
1170 4396 1200 4419 Διό
