2940 5040
302 368 439 424 DANTIS
456 368 678 424 MONARCHIA
695 371 717 424 Ι.
737 371 766 426 G.
788 377 827 425 11.
846 376 909 439 (131,
930 376 968 428 12.
993 376 1055 440 (11).
1175 373 1214 434 21

179 543 365 625 Praeterea,
395 548 513 624 quanto
543 561 640 608 causa
667 550 716 610 est
743 544 967 629 universalior,
997 551 1085 612 tanto
1115 548 1220 629 magis

95 643 194 710 habet
216 643 370 710 rationem
393 663 524 727 causae,
549 644 624 727 quia
645 643 774 711 inferior
795 666 858 712 non
880 652 928 712 est
950 666 1055 730 eausa,
1077 648 1139 714 nisi
1161 669 1219 735 per

96 744 300 831 superiorem,
322 750 358 808 ut
378 750 468 828 patet
491 767 531 812 ex
553 746 592 811 iis
615 766 697 828 quae
721 747 761 813 de
784 747 911 831 Causis3
935 754 967 815 81
982 756 1099 830 quanto
1114 750 1218 832 magis

96 865 192 913 eausa
215 852 264 913 est
286 866 397 930 eausa,
426 852 514 913 tanto
530 845 639 930 'magis
663 848 810 915 effectum
833 849 946 934 diligit,
970 869 1066 931 quum
1088 851 1217 919 dileetio
1235 858 1269 909 9⁰

96 948 170 1014 talis
193 947 388 1028 adsequatur
410 968 539 1014 oausam
568 971 625 1035 per
652 970 695 1017 88.
740 952 844 1031 Quum
872 971 948 1034 ergo
976 952 1149 1018 Monaroha
1177 952 1219 1018 sit

96 1049 368 1118 universalissima
390 1070 487 1116 causa
500 1050 583 1117 inter
604 1052 763 1136 mortales,
786 1058 820 1116 ut
835 1052 979 1119 homines
996 1054 1080 1121 bene
1097 1053 1217 1137 vivant,

97 1152 171 1235 quia
193 1151 354 1238 principes
375 1151 432 1216 alii
453 1152 632 1237 perillum,
655 1159 689 1217 ut
712 1153 831 1219 dietum
853 1160 915 1239 est;
940 1175 1137 1237 consequens
1159 1159 1217 1238 est,

98 1253 183 1337 quod
206 1254 323 1319 bonum
344 1252 508 1320 hominum
530 1255 572 1319 ab
595 1275 633 1321 eo
655 1255 795 1323 maxime
818 1254 976 1338 diligatur.

182 1354 276 1435 Quod
298 1361 405 1422 autem
427 1356 601 1421 Monaroha
622 1357 787 1440 potissime
808 1377 843 1424 se
865 1358 983 1426 habeat
1004 1357 1048 1422 ad
1076 1378 1215 1444 opera·
1234 1366 1267 1418 95

96 1457 245 1524 tionem
274 1455 429 1540 iustitiae,
460 1457 531 1538 quis
559 1457 707 1523 dubitat?
735 1459 797 1524 nisi
825 1460 879 1542 qui
907 1480 1018 1526 vooem
1046 1460 1129 1525 hane
1155 1481 1219 1526 non

96 1558 260 1642 intelligit,
291 1578 387 1641 quum
410 1558 438 1623 si
459 1559 633 1625 Monareha
654 1566 718 1644 est,
748 1561 856 1628 hostes
879 1562 997 1627 habere
1019 1581 1084 1626 non
1106 1561 1216 1646 possit.

181 1660 267 1727 Satis
288 1660 386 1743 igitur
407 1660 571 1726 declarata
592 1660 824 1748 subadsumpta
838 1662 1016 1748 principali,
1039 1670 1129 1749 patet
1143 1663 1219 1746 quia

97 1762 257 1828 oonelusio
280 1769 367 1828 certa
389 1765 451 1830 est:
480 1763 601 1829 88111881
630 1763 717 1844 quod
738 1762 781 1828 ad
803 1764 956 1850 optimam
979 1764 1218 1850 dispositionem

96 1863 206 1929 mundi
227 1883 358 1931 neeesse
380 1868 429 1933 est
449 1865 668 1930 Monarchiam
689 1885 770 1933 esse.
1235 1874 1283 1928 100

485 2038 607 2112 [carun
628 2054 689 2100 xm.
715 2032 827 2119 (818)]

179 2168 221 2235 Et
242 2170 415 2235 humanum
436 2187 546 2253 genus,
568 2170 734 2254 potissime
757 2170 901 2254 liberum,
925 2170 1042 2255 optime
1059 2170 1215 2239 sehabet.

97 2270 165 2338 Hoc
188 2271 248 2338 erit
270 2271 481 2355 manifestum,
505 2271 533 2335 si
546 2271 737 2357 principium
759 2278 868 2357 pateat
883 2272 1049 2338 libertatis.
1084 2273 1217 2357 Propter

123 2406 143 2436 11
161 2405 195 2458 A.
214 2409 240 2458 et
250 2403 336 2460 versio
346 2404 527 2459 Ficini—alii
536 2421 629 2459 omnes
707 2406 730 2439 11
748 2406 779 2459 F.
798 2406 832 2458 H.
857 2406 888 2459 P.
912 2405 946 2460 V.
976 2405 1164 2478 potentissime
1188 2421 1218 2459 88

163 2493 266 2559 quanto
283 2506 368 2545 caasa
386 2495 427 2543 881
444 2489 546 2555 utilior,
558 2489 630 2559 quod
748 2489 847 2546 habeat

162 2589 217 2628 non
230 2574 287 2629 sine
301 2574 406 2629 ratione
415 2573 522 2628 defendi
530 2579 630 2644 posset.
709 2576 731 2608 11
749 2575 781 2629 F.
801 2577 866 2645 quia
883 2576 909 2629 si
924 2573 1076 2630 Monarcda

124 2659 146 2691 11
162 2658 298 2715 Hetedd.
311 2661 492 2730 conseruauit
501 2667 631 2715 88188888
709 2661 732 2693 11
748 2659 818 2714 Edd.
829 2662 894 2729 8881
901 2659 1041 2714 declarata
1051 2659 1219 2714 inseruntest

163 2773 193 2783 -
216 2744 306 2799 Prine.
325 2761 409 2800 88888
426 2751 467 2799 881
484 2746 573 2814 888818
591 2748 632 2798 881
766 2744 800 2798 H.
814 2745 849 2798 V.
865 2775 901 2784 —
917 2744 1024 2814 Reliqui
1033 2759 1124 2799 omnes
1136 2745 1218 2815 pria-

166 2843 249 2883 causa
751 2829 826 2900 81881
831 2831 837 2842 ’

123 2912 232 2967 11111111.
256 2919 355 2968 recent.
381 2913 489 2969 dilectio
514 2912 576 2968 18118
591 2928 632 2967 se·
769 2913 894 2969 Codicum
917 2912 951 2967 H.
975 2918 1104 2981 sequutus
1127 2912 1218 2967 addidi

165 3002 267 3068 qrcotro·
746 3005 841 3069 patet,
867 2997 938 3066 quod
955 2997 984 3051 in
1010 2997 1069 3052 aliis
1093 2997 1217 3052 omnibus

180 3082 214 3135 H.
232 3083 264 3136 L.
282 3082 313 3136 P.
331 3081 364 3136 V.
382 3083 467 3154 181188
479 3079 633 3137 Monarcda
750 3099 805 3138 non
822 3083 938 3136 habetur

124 3167 147 3200 11
163 3167 198 3221 A.
228 3172 255 3221 et
280 3182 349 3222 vers.
376 3167 432 3222 Flo.
456 3198 490 3208 -
521 3166 568 3222 alii
596 3167 633 3220 811
766 3167 799 3221 A.
823 3167 855 3222 F.
878 3166 908 3220 P.
934 3168 967 3234 11)
990 3167 1025 3222 V.
1046 3183 1133 3238 quare
1154 3184 1218 3223 coa-

164 3252 308 3306 att'la'ssima
329 3268 414 3307 88888
440 3252 485 3318 (ef.
503 3267 572 3322 quae
588 3250 629 3305 di·
750 3252 835 3307 clusio

163 3338 252 3392 ximus
269 3337 303 3391 ad
320 3337 368 3391 lin.
386 3341 437 3394 811
709 3337 732 3370 11
749 3337 780 3390 F.
798 3338 900 3392 scilieet
917 3345 1048 3406 quantam

181 3423 214 3475 A.
232 3436 324 3476 omues
341 3421 407 3476 18888
424 3422 522 3476 vivont.
765 3421 798 3475 V.
816 3422 854 3476 od
869 3427 989 3493 optatam
1006 3421 1106 3492 dispas.

124 3506 147 3541 11
163 3505 232 3562 Edd.
250 3506 351 3573 antiqu.
369 3511 396 3560 81
412 3522 537 3578 conseque.
701 3507 736 3540 ¹⁰⁰
753 3507 785 3559 F.
806 3505 984 3562 Monarcdam
1002 3521 1060 3560 8888

181 3591 219 3645 Μ.
237 3593 461 3647 8888881888881.
684 3590 749 3661 Cap.
759 3590 819 3645 XII.
850 3589 1217 3663 ¹H.poteatr'ssimelihmm

123 3677 146 3709 11
163 3676 202 3730 M.
220 3682 251 3729 at
268 3677 366 3731 donum
383 3677 483 3732 domin.
750 3705 785 3716 -
801 3674 870 3728 Edd.
884 3677 1057 3746 potissimam
1074 3674 1119 3730 til.

182 3762 215 3815 A.
234 3760 272 3815 Μ.
290 3763 324 3817 ab
342 3779 374 3816 88
391 3763 480 3834 888818
497 3760 573 3832 dilip.

166 3879 189 3912 11
205 3879 287 3934 Liber
305 3880 357 3946 „de
375 3880 478 3947 causis,
502 3880 558 3934 sive
575 3879 609 3934 de
627 3878 745 3934 essentia
761 3893 846 3947 purae
863 3877 1022 3943 bonitatis“,
1046 3876 1134 3931 medio
1151 3890 1216 3932 aevo

97 3948 269 4003 Aarsuounnr
287 3950 328 4003 881
346 3949 457 4003 Paoono
475 3948 546 4002 falso
555 3946 710 4013 attributus,
729 3946 815 4001 etab.
827 3945 931 4001 Thoma
938 3945 1074 4014 Aquinate
1083 3959 1217 4024 commen-

97 4016 166 4070 tario
192 4016 350 4071 illustratus.
392 4017 431 4072 cf.
455 4017 594 4071 lunanum
623 4016 731 4084 Scripta
753 4014 866 4068 Aristot.
891 4013 920 4068 in
942 4013 1010 4068 med.
1032 4029 1105 4068 8888.
1130 4027 1217 4067 888888

97 4085 252 4152 germanica
268 4085 369 4140 Stahrii
386 4089 410 4152 ἑ.
430 4089 470 4139 18.
540 4086 563 4117 ⁹¹
581 4082 781 4152 ‚adsequatur“
799 4098 847 4151 pro
865 4085 1028 4150 ‚aequatur‘
1046 4081 1146 4135 dictum
1157 4096 1217 4135 esse

116 4158 172 4208 uta.
244 4153 267 4186 11
285 4153 348 4207 Scil.
360 4169 466 4208 vocem:
485 4149 641 4222 Μονάρχης.
711 4152 735 4184 11
752 4149 970 4220 „Subadsumpta
983 4149 1216 4220 principalis“ha-

98 4169 177 4343 geta-atr
194 4219 276 4342 initiot
289 4221 369 4276 hrains
388 4237 446 4290 cap.
465 4239 491 4291 p.
512 4227 551 4277 11.
563 4252 593 4260 -
604 4219 687 4275 Modo
701 4219 825 4288 vulgatae
836 4212 904 4273 Bibl
914 4235 981 4274 vers.
992 4220 1058 4289 qaia
1075 4234 1125 4288 pro
1143 4217 1218 4288 quod

98 4305 158 4359 8888
171 4304 217 4342 um
234 4304 284 4344 es.
