2940 5040
497 344 780 402 Paounuomtrtn.
1137 353 1201 408 LIII

124 517 264 603 Quidam
302 529 380 590 sunt
421 519 575 591 habentes
606 519 850 614 jurisdictiones
884 533 1046 618 separatas
1087 536 1119 597 et
1153 528 1199 599 di·

125 646 275 736 stinctas,
309 646 352 717 ita
380 647 464 742 quod
494 673 557 718 una
584 648 623 719 ab
651 649 711 720 alia
745 674 808 720 non
838 630 1009 746 dependet,
1036 675 1096 722 nec
1122 665 1199 727 sunt

125 774 186 847 sub
202 772 318 845 eodem
337 774 483 864 domino,
504 785 539 845 ut
554 774 637 871 Papa
656 775 886 873 etlmperator.
914 777 1008 850 Tunc
1024 802 1110 850 unns
1130 805 1195 852 non

123 910 230 996 potest
249 900 347 971 citare
366 901 398 970 in
419 901 582 973 territorio
600 903 743 976 alterius.
762 903 876 976 —Ita
894 904 1199 1000 loquiturClemen·

125 1028 192 1099 tina
211 1026 425 1118 „Pastoralis“
444 1030 490 1117 (2.
510 1028 557 1099 Ile
579 1028 726 1101 Sentent.
755 1040 787 1102 et
813 1056 848 1103 re
872 1029 972 1125 judic.
993 1031 1031 1124 ll,
1053 1033 1111 1125 ll)
1133 1064 1198 1124 -;

125 1156 180 1227 sed
218 1153 313 1226 debet
348 1156 513 1251 requirere
548 1157 640 1228 illum
664 1156 825 1252 judicem,
852 1158 886 1229 in
913 1157 1006 1253 cujus
1034 1161 1198 1233 territorio

124 1293 183 1354 est.
245 1281 286 1352 Et
313 1282 392 1374 hoc,
424 1294 521 1379 prout
556 1294 707 1355 tenemus
734 1283 825 1355 illam
862 1285 1068 1381 opinionem,
1101 1312 1197 1384 quam

124 1409 229 1481 tenuit
246 1408 417 1502 DanteS,
443 1420 540 1506 prout
558 1411 646 1483 illam
665 1411 810 1506 comperi
838 1412 871 1482 in
900 1435 966 1482 uno
985 1413 1082 1506 libro,
1100 1440 1198 1512 quem

124 1537 217 1628 lecit,
251 1537 305 1632 qui
332 1548 465 1609 vocatur
489 1537 726 1630 „lllonarclria“,
755 1538 789 1608 in
824 1561 889 1634 quo
917 1538 999 1611 libro
1027 1540 1201 1638 disputavit

124 1676 190 1736 tres
224 1666 447 1761 quaestiones,
480 1690 617 1760 quarum
653 1690 716 1737 una
751 1665 827 1737 luit:
861 1690 902 1736 an
929 1664 1108 1762 imperium
1144 1671 1199 1743 de·

123 1791 264 1888 pendeat
294 1792 338 1864 ab
364 1791 525 1885 Ecclesia,
559 1802 591 1864 et
624 1794 744 1884 tenuit,
779 1793 864 1888 quod
893 1817 971 1864 non.
1024 1795 1088 1866 Sed
1125 1808 1201 1892 post

124 1930 264 1992 mortem
301 1943 393 1991 suam
435 1920 525 2017 quasi
565 1930 699 2016 propter
738 1919 802 1990 hoc
841 1920 903 1992 luit
946 1919 1118 1994 damnatus
1159 1924 1200 1996 de

123 2047 260 2118 haeresi.
313 2046 395 2118 Nam
424 2046 569 2119 Ecclesia
602 2057 706 2139 tenet,
742 2048 829 2144 quod
856 2047 1035 2144 Imperium
1069 2050 1109 2122 ab
1135 2050 1199 2123 Ec·

124 2174 219 2246 clesia
248 2174 419 2270 dependet,
442 2175 670 2271 pulcherrimis
696 2174 887 2266 rationibus,
912 2200 991 2271 quas
1019 2176 1199 2270 omitto.⁵⁰)

173 2300 262 2372 Inter
287 2312 453 2395 auctores,
483 2304 537 2400 qui
564 2302 604 2374 de
631 2326 728 2399 opere
757 2312 868 2373 nostro
895 2302 1093 2398 loquuntur,
1125 2328 1201 2400 pro·

71 2429 196 2501 nimum
242 2439 331 2501 tenet
369 2431 479 2502 locum
522 2429 699 2502 lannorrus
738 2430 917 2503 lllnnmrus
931 2487 941 2522 ,
982 2453 1079 2525 quem
1119 2432 1202 2504 vitas

72 2556 204 2649 Dentis,
238 2557 429 2629 Petrarchae
461 2568 493 2629 et
519 2557 659 2629 Boccatii
694 2561 778 2630 circa
811 2581 936 2629 annum
969 2556 1063 2630 1436
1098 2561 1200 2656 scrip·

73 2685 155 2756 sisse
183 2685 277 2756 docet
303 2683 427 2756 Mehus.
474 2683 563 2769 Quae
597 2684 681 2780 apud
709 2709 785 2756 eum
813 2683 984 2775 habentur,
1012 2696 1046 2756 et
1077 2687 1196 2782 partim

72 2811 112 2883 ad
131 2809 376 2883 Bartolilocum
399 2810 497 2883 modo
525 2812 721 2908 exscriptum
749 2835 784 2882 se
811 2812 969 2902 referunt,
995 2813 1075 2885 haec
1101 2825 1196 2887 sunt:

124 2954 238 3027 Soluta
264 2978 392 3052 quoque
410 2956 555 3027 oratione
581 2956 785 3051 praeclarum
804 2955 968 3051 quoddam
988 2980 1070 3052 opus
1088 2957 1200 3048 edidit,

124 3083 211 3178 quod
229 3081 457 3174 „llonarelria“
483 3083 681 3155 inscribitur.
723 3081 757 3152 ld
784 3081 818 3152 in
845 3092 911 3154 tres
937 3082 1039 3154 libros
1067 3083 1108 3155 ob
1135 3085 1196 3156 tria

123 3210 345 3306 pulcherrima
363 3211 506 3307 quaesita
533 3209 774 3306 speciosissima
792 3209 947 3281 distinxit.
996 3209 1032 3281 ln
1056 3212 1191 3306 primo

124 3359 265 3432 namque
293 3336 362 3432 ejus
382 3339 489 3434 operis
507 3338 600 3428 libro,
619 3360 713 3408 more
738 3335 905 3408 dialectico
933 3337 1108 3429 disserens
1124 3362 1198 3434 per·

124 3473 301 3555 scrutatur,
333 3489 373 3536 an
401 3464 439 3536 ad
468 3466 590 3536 bonum
618 3463 714 3536 Orbis
741 3473 900 3534 terrarum
928 3472 1066 3555 statum,
1101 3465 1198 3536 unius

124 3592 326 3683 dominatus,
353 3593 407 3689 qui
434 3591 620 3664 Monarchia
648 3613 763 3686 graece
790 3590 984 3685 appellatur,
1016 3596 1199 3666 necessario

123 3721 317 3816 requiratur.
368 3719 404 3791 ln
439 3719 623 3793 seeundo
655 3742 748 3810 vero,
781 3742 821 3788 an
856 3720 996 3814 populns
1029 3719 1198 3792 Romanus

123 3847 212 3918 hunc
239 3846 337 3919 nnius
363 3848 567 3920 domInatum
595 3847 655 3919 sibi
684 3870 750 3916 non
782 3843 899 3938 injuria
925 3846 1106 3918 adsciverit.
1158 3846 1196 3918 ln

124 3976 249 4046 tertio
277 3973 427 4071 denique,
444 3999 485 4046 an
513 3973 659 4069 ejusdem
682 3972 869 4044 dominatus
895 3973 935 4045 ab
963 3974 1032 4046 solo
1047 3972 1128 4066 Deo,
1142 3973 1193 4045 vel

159 4261 187 4325 ⁵⁰)
206 4257 246 4313 cf.
264 4257 392 4312 Tnorau
408 4258 437 4311 in
455 4256 549 4312 Veltro
566 4256 716 4326 allegorico
733 4273 760 4326 p.
783 4259 838 4310 192.
