2940 5040
373 339 809 396 DANT1SMONAROH1A111.
829 339 858 394 O.
880 345 919 394 10.
1146 335 1203 398 121

84 519 191 598 potest
205 534 334 597 ponere,
357 519 484 597 praeter
505 512 540 577 id
555 510 642 594 quod
656 512 794 596 positum
810 516 867 594 est,
891 510 977 593 quod
999 518 1047 576 θεῖ
1063 513 1206 579 Christus
1224 531 1255 582 35

84 615 209 681 Jesus.“
252 616 326 698 Ipse
351 619 399 680 θεῖ
419 620 527 698 petra,
551 634 646 698 super
669 634 764 695 quam
786 612 956 678 aedificata
979 618 1027 680 est
1044 613 1204 700 Ecclesia3

84 716 215 800 Imperii
244 736 320 781 vero
350 715 605 797 fundamentum,
633 715 687 799 jus
709 715 881 780 humanum
904 720 960 780 est.
1005 715 1101 783 Modo
1125 716 1204 801 dicu,

85 817 172 900 quod
201 818 281 882 sicut
310 817 475 883 Ecclesiae
502 816 708 882 fundamento
738 836 794 882 suo
825 817 1009 883 contrariari
1036 820 1205 902 nonlicet,

85 918 144 984 sed
159 918 256 984 debet
270 914 395 1003 semper
410 919 501 983 inniti
515 938 611 1002 super
626 916 715 1000 illud,
728 917 823 1002 juxta
837 918 918 984 illud
934 918 1205 987 Cantieorum:

85 1022 195 1104 „Quae
218 1025 267 1085 est
295 1021 372 1104 ista,
404 1041 485 1102 quae
513 1018 657 1085 ascendit
687 1019 727 1087 de
752 1020 892 1104 deserto,
917 1019 1036 1086 delitiis
1058 1020 1200 1105 affluens,
1219 1026 1251 1076 40

83 1123 193 1187 innixa
223 1142 318 1206 super
347 1121 498 1187 dilectum
527 1122 662 1186 suum“?
700 1122 745 1187 sie
774 1126 806 1187 et
833 1122 971 1206 Imperio
1000 1122 1120 1188 licitum
1142 1145 1206 1190 non

85 1231 148 1307 cst,
184 1230 292 1290 contra
317 1224 371 1308 jus
400 1224 572 1288 humanum
601 1221 724 1304 aliquid
756 1223 870 1288 faeere.
922 1223 987 1290 Sed
1017 1230 1126 1290 contra
1150 1226 1205 1310 jus

84 1328 256 1392 humanum
294 1330 393 1406 esset,
438 1323 464 1387 si
503 1325 643 1409 seipsum
679 1324 852 1409 Imperium
893 1324 1083 1410 destrueret3
1129 1347 1204 1410 ergo

83 1427 221 1511 Imperio
244 1427 384 1510 seipsum
414 1427 577 1492 destruere
607 1446 670 1491 non
700 1426 783 1491 licet.
834 1426 937 1505 Quum
961 1444 1036 1506 ergo
1059 1427 1204 1495 scindere

83 1529 264 1612 Imperium,
288 1535 371 1594 esset
386 1526 548 1595 destruere
570 1529 684 1613 ipsum,
708 1527 901 1594 consistente
923 1530 1059 1613 Imperio
1081 1529 1115 1593 in
1134 1532 1200 1596 uni-
1220 1536 1251 1590 45

84 1635 150 1694 tate
173 1631 375 1696 Monarchiae
405 1630 608 1714 universalis;
639 1629 840 1695 manifestum
869 1636 933 1712 cst,
963 1629 1049 1712 quod
1073 1632 1204 1716 Imperii

83 1732 271 1797 auctoritate
305 1732 463 1814 fungenti,
499 1732 643 1798 scindere
676 1732 848 1815 Imperium
882 1752 945 1796 non
978 1732 1059 1798 licet.
1111 1735 1205 1814 Quod

83 1840 190 1899 autem
213 1832 374 1900 destruere
389 1834 561 1917 Imperium
583 1834 625 1898 sit
647 1838 756 1898 contra
774 1833 828 1916 jus
845 1833 1025 1917 humanum,
1049 1855 1090 1900 ex
1112 1856 1202 1921 supe-

82 1936 218 2002 rioribus
241 1941 289 2001 est
312 1934 521 2002 manifestum.

83 2140 167 2204 enim
190 2139 232 2202 ad
256 2137 512 2222 jurisdictionem
542 2137 720 2220 ordinatur,
751 2141 783 2202 et
804 2157 867 2202 non
890 2156 907 2202 θ
931 2158 1092 2205 converso.
1138 2139 1204 2208 Sed

82 2241 252 2325 Imperium
275 2245 323 2306 cst
340 2239 536 2323 jurisdictio,
567 2261 692 2307 omnem
714 2240 923 2323 temporalem
948 2239 1204 2324 jurisdictionem

110 2375 132 2407 33
150 2374 182 2426 A.
197 2390 317 2444 ponere,
336 2375 390 2427 uiri
406 2373 435 2428 id

167 2459 308 2526 Sequimur
326 2457 402 2512 codd.
421 2458 453 2511 H.
472 2458 510 2511 M.
529 2489 563 2498 -
584 2459 616 2512 In

753 2372 783 2426 P.
801 2375 871 2428 sicat
888 2378 914 2427 et
931 2373 1052 2446 Imperio

696 2459 719 2491 33
736 2457 775 2511 M.
810 2473 827 2511 a
861 2458 947 2528 primo
987 2459 1022 2513 ad
1056 2460 1203 2515 secundum

150 2543 182 2596 F.
206 2543 236 2595 P.
256 2542 289 2596 V.
317 2542 413 2597 desunt
437 2544 519 2597 verba
542 2543 618 2614 quad

150 2634 190 2682 est
210 2657 245 2666 -
267 2629 300 2679 A.
318 2627 350 2680 L.
369 2633 395 2682 et
418 2628 492 2682 editt.
512 2631 618 2698 quiesi

153 2711 273 2768 Christus

736 2545 854 2614 seipsrem
899 2543 1056 2612 prosiliens,
1105 2546 1203 2600 omittit

737 2628 820 2683 verba
855 2628 998 2699 imperium
1040 2629 1203 2685 destrueret:

737 2729 802 2784 erpo
827 2714 941 2784 imperio
964 2715 1082 2785 seipsam
1109 2745 1142 2753 —
1169 2714 1201 2770 F.

109 2799 131 2831 33
149 2798 186 2852 Μ.
205 2813 387 2869 superquam
405 2799 526 2867 farrdala
543 2806 584 2853 est

109 2885 131 2917 ³⁷
148 2883 180 2936 F.
194 2884 246 2953 jus
263 2881 400 2936 leomiruem

106 2969 129 3003 33
146 2967 178 3020 F.
197 2966 280 3022 Modo
304 2967 363 3021 dico
386 2969 457 3022 sicat
477 2964 617 3022 Ecclesiae

166 3053 197 3105 A.
216 3054 288 3106 sicat
304 3051 426 3106 Ecclesia

108 3137 132 3171 33
148 3138 182 3190 Α.
200 3136 249 3191 sed
266 3137 346 3190 r‘nniti
361 3152 468 3207 semper
484 3153 567 3208 caper

167 3222 198 3275 F.
206 3237 260 3276 non
270 3222 354 3276 habet
364 3221 446 3276 verba
454 3237 539 3292 saper
549 3219 617 3274 illud

736 2800 762 2851 si
777 2803 873 2853 carrera
894 2799 975 2868 serpe.
993 2796 1064 2870 Imp.
1082 2800 1201 2854 destrue·

736 2889 812 2936 reim·
829 2898 895 2951 erpo
915 2888 966 2936 etc.

695 2966 718 2999 33
736 2969 768 3020 A.
784 2967 815 3021 V.
835 2984 901 3039 erpo
919 2966 1068 3040 Imperium
1085 2969 1203 3041 seipsam

695 3052 718 3086 33
735 3051 767 3103 A.
780 3051 810 3104 L.
824 3052 861 3106 M.
878 3051 959 3119 Quod
974 3059 1064 3108 uatem
1080 3053 1203 3107 scindere

736 3135 885 3207 Imperium

695 3222 717 3254 33
735 3221 768 3274 H.
781 3222 941 3292 jurisdictio
957 3223 1091 3294 proprior
1108 3226 1148 3276 est

695 3307 716 3338 33
736 3306 767 3359 L.
787 3311 814 3359 θῖ
830 3323 886 3361 aare
904 3324 918 3362 θ
935 3308 1084 3363 contrario.

694 3391 717 3424 33
734 3389 803 3444 Edd.
821 3390 924 3460 antiqu.
952 3391 1009 3446 Sed
1024 3391 1145 3464 Imperia
1163 3397 1203 3447 θεῖ

731 3474 891 3546 jurisdictio
909 3507 943 3515 —
957 3480 1001 3531 An
1019 3477 1076 3533 Sed
1092 3478 1204 3550 Imperii

737 3566 776 3614 θεῖ
787 3560 967 3630 jurisdictio?

165 3307 196 3360 P.
216 3305 322 3362 Cantici
339 3337 369 3344 -
388 3307 421 3360 A.
443 3305 569 3361 Cauiiecc
582 3335 616 3344 -

148 3393 179 3446 F.
201 3392 302 3448 Cantas

108 3478 130 3509 33
149 3477 178 3530 P.
198 3475 320 3546 affluens
337 3477 424 3530 inuisa

167 3561 200 3615 V.
219 3576 302 3631 saper
319 3560 445 3616 delictam

164 3662 257 3710 starem,
276 3645 348 3713 quod
362 3645 477 3700 habetur
494 3644 522 3698 in
540 3648 617 3698 textu

149 3746 236 3796 sacro,
255 3729 406 3784 addidimus
425 3745 486 3783 cum
503 3728 537 3780 H.

152 3849 174 3881 33
192 3848 326 3902 Cantic.
348 3847 572 3903 Canticorum
591 3846 655 3916 cap.
671 3848 743 3903 VIII.
762 3867 786 3904 v.
798 3856 822 3904 5.
893 3849 916 3880 33
931 3848 972 3902 cf.
988 3849 1202 3905 Enonnnunruu

81 3917 261 3970 Aunounnus.
299 3916 340 3969 De
365 3925 426 3970 ortu
451 3923 478 3970 et
500 3914 554 3969 fine
576 3915 653 3969 Rom.
670 3916 737 3986 Imp.
756 3933 816 3985 cap.
839 3921 876 3971 te.
913 3916 972 3980 „Ne
991 3933 1108 3986 naquam
1124 3918 1202 3973 licuit

80 3984 218 4040 Hadriano
243 3984 417 4053 Imperatori,
442 3985 483 4038 vel
507 3983 663 4047 Ioviniano,
687 3984 754 4038 fines
771 3987 811 4039 Im
831 3985 881 4039 erii
907 3934 1062 4054 simpiicitcr
1088 3992 1116 4041 ct
1140 4003 1200 4042 cum

80 4053 284 4107 renunciatione
303 4053 416 4118 tradere,
437 4057 464 4107 et
480 4052 625 4121 Imperium
643 4051 716 4107 circa
733 4052 801 4107 fines
812 4000 916 4107 debitos
935 4053 1064 4117 limitare;
1083 4071 1133 4109 nec
1151 4056 1199 4110 ulli

80 4121 240 4190 Imperatori
264 4137 380 4189 unquam
405 4121 495 4185 licuit,
520 4121 561 4175 vel
584 4120 689 4186 licebit,
716 4122 779 4188 quia
804 4127 862 4174 tum
886 4120 994 4175 caderet
1015 4124 1154 4178 anominc
1172 4128 1199 4179 et

81 4189 211 4257 dignitate
229 4191 358 4270 Augusti,
386 4190 457 4258 quod
481 4188 614 4258 significat
639 4188 782 4258 Imperium
806 4189 903 4244 debere
925 4205 1030 4259 semper
1047 4192 1153 4260 augeri,
1171 4198 1199 4246 et

79 4274 217 4326 nunquam
234 4263 344 4311 mmur.“
