2940 5040
204 321 245 384 58
510 324 644 380 DANTIS
663 324 881 381 MONARGHIA
897 326 931 380 11.
950 325 979 381 C.
997 332 1021 384 6.

171 518 186 566 ε
204 501 390 582 Quicunque
412 498 507 566 finem
524 500 606 584 juris
628 496 779 581 intendit,
803 518 873 564 cum
891 499 963 582 jure
979 498 1137 583 graditur:
1159 502 1319 570 Romanus

204 602 340 688 populus
362 601 559 686 subjiciendo
575 601 636 666 sibi
652 603 770 684 orbem,
792 599 888 667 finem
906 601 988 686 juris
1003 603 1149 686 intendit,
1174 610 1209 669 ut
1225 604 1318 671 mani-

203 706 285 772 feste
306 726 363 789 per
385 704 548 787 superiora
575 705 607 768 in
633 704 695 769 isto
718 703 858 787 capitulo
881 710 930 769 est
950 705 1136 790 probatum,
1161 725 1240 788 ergo
1262 709 1318 774 Ro·

203 827 315 873 manus
337 808 472 892 populus
495 804 693 891 subjiciendo
722 804 785 870 sibi
807 804 931 888 orbem,
964 825 1034 871 cum
1052 805 1125 891 jure
1148 807 1211 875 hoc
1232 809 1319 894 fecit,

204 916 249 992 et,
273 931 331 995 per
353 928 563 992 consequens,
588 906 628 974 de
646 907 719 992 jure
742 906 803 972 sibi
818 905 954 972 adscivit
975 909 1106 992 Imperii
1121 908 1319 992 dignitatem.

155 1028 185 1079 10
287 1013 376 1092 Quae
399 1010 572 1092 conclusio,
596 1014 631 1073 ut
653 1029 694 1075 ex
709 1009 853 1075 omnibus
868 1009 1044 1077 manifestis
1065 1011 1159 1076 illata
1182 1012 1234 1097 sit,
1257 1033 1318 1078 ma

201 1112 413 1180 nifestandum
441 1117 490 1177 θεῖ
517 1112 593 1194 hcc,
624 1105 710 1193 quod
738 1108 865 1176 dicitur:
896 1110 981 1194 quod
1009 1112 1201 1195 quicumque
1227 1113 1319 1180 finem

201 1218 278 1282 iuris
300 1214 452 1297 intendit,
482 1233 553 1279 cum
571 1212 644 1297 jure
666 1212 816 1295 graditur.
860 1211 913 1279 Ad
935 1215 1025 1298 cujus
1048 1215 1245 1282 evidentiam
1266 1215 1318 1282 ad-

201 1317 402 1400 vertendum,
432 1316 519 1398 quod
547 1315 709 1397 quaelibet
738 1335 788 1380 res
818 1320 865 1382 est
893 1322 1024 1401 propter
1051 1317 1194 1399 aliquem
1216 1318 1317 1402 finem,

201 1422 295 1486 aliter
317 1423 402 1485 esset
424 1418 539 1501 otiosa5
571 1417 656 1499 quod
678 1437 749 1484 esse
776 1439 840 1485 non
861 1424 981 1502 potest,
1011 1424 1045 1483 ut
1068 1420 1216 1502 superius
1239 1419 1317 1486 dice

155 1538 183 1589 ιε
202 1521 303 1586 batur.
347 1520 387 1584 Et
410 1517 676 1601 quemadmodum
699 1521 801 1586 omnis
823 1540 873 1587 res
896 1526 946 1586 θεῖ
968 1520 1009 1585 ad
1031 1522 1196 1606 proprium
1212 1521 1317 1605 finem,

202 1623 248 1687 sic
270 1623 370 1688 omnis
397 1621 469 1686 finis
497 1622 659 1706 propriam
686 1621 785 1688 habet
811 1643 892 1706 rem,
920 1623 1009 1707 cujus
1032 1629 1081 1689 est
1101 1622 1183 1691 finis.
1228 1623 1318 1691 Unde

203 1724 399 1808 impossibile
429 1730 491 1806 est,
526 1723 635 1806 aliqua
665 1722 726 1788 duo
752 1744 810 1808 per
837 1744 872 1789 se
894 1722 1069 1806 loquendo,
1103 1725 1137 1790 in
1166 1731 1318 1807 quantum

202 1827 279 1909 duo,
302 1825 396 1893 finem
419 1825 554 1891 eundem
576 1823 757 1908 intendere;
790 1830 975 1907 sequeretur
997 1826 1081 1892 enim
1103 1825 1191 1892 idem
1214 1828 1316 1894 incon·

201 1929 346 2011 veniens,
382 1928 467 2011 quod
496 1929 631 1993 alterum
659 1927 781 1993 scilicet
815 1934 900 1994 esset
927 1927 1051 1993 frustra.
1109 1929 1216 2008 Quum
1245 1949 1316 2013 ergo

151 2050 183 2101 ao
199 2030 281 2114 juris
308 2030 380 2095 finis
409 2029 539 2111 quidam
561 2028 617 2112 sit,
648 2034 683 2094 ut
706 2029 776 2113 jam
798 2027 995 2096 declaratum
1017 2036 1080 2114 est,
1105 2051 1239 2098 necesse
1262 2037 1315 2113 est,

199 2131 262 2198 fine
283 2131 339 2198 illo
361 2132 480 2217 posito,
506 2131 561 2216 jus
588 2132 679 2216 poni,
709 2151 779 2197 cum
808 2132 849 2196 sit
871 2132 1017 2217 proprius
1045 2138 1077 2198 ct
1098 2154 1157 2218 per
1182 2134 1252 2219 sej
1293 2134 1300 2150 ’

201 2234 341 2300 effectus.
381 2234 422 2297 Et
443 2253 540 2316 quum
561 2235 594 2299 iu
617 2232 701 2299 omni
730 2234 955 2315 consequentia
976 2234 1175 2318 Mpossibile
1199 2235 1241 2300 sit
1263 2236 1314 2301 ha-

200 2336 274 2402 bere
302 2335 493 2402 antecedens
521 2337 642 2418 absque
665 2340 890 2418 consequente,
920 2343 954 2400 ut
977 2336 1137 2402 hominem
1159 2337 1230 2404 sine
1252 2338 1315 2404 ani-

199 2436 292 2522 mali,
315 2438 397 2502 sicut
418 2442 505 2522 patet
528 2435 735 2504 construendo
759 2443 790 2504 et
805 2436 1011 2521 destruend03
1036 2438 1237 2523 impossibile
1260 2445 1314 2525 est,

149 2560 180 2612 25
195 2538 277 2623 juris
298 2538 393 2607 finem
416 2559 568 2621 quaerere
590 2539 658 2607 sine
675 2540 762 2624 jure,
793 2560 888 2622 quum
911 2540 1074 2621 quaelibet
1101 2561 1152 2607 res
1180 2542 1225 2609 ad
1246 2564 1314 2628 pro-

198 2642 302 2726 prium
329 2641 424 2706 finem
464 2661 499 2707 sc
534 2640 653 2707 habeat
688 2642 776 2708 velut
808 2661 1003 2724 consequens
1035 2642 1078 2706 ad
1109 2643 1314 2712 antecedens:

197 2763 271 2809 nam
292 2744 489 2829 impossibile
512 2750 575 2827 est,
606 2745 721 2811 bonam
743 2745 959 2811 valetudinem
986 2745 1199 2811 membrorum
1223 2746 1313 2810 attin-

241 2896 252 2927 ¹
271 2894 306 2948 A.
325 2895 545 2963 raanifcstissime
810 2895 831 2929 ¹⁹
856 2895 887 2948 F.
915 2897 1019 2949 tuconi.
1038 2895 1142 2949 scilicet
1167 2895 1246 2965 qaod
1268 2895 1297 2950 ai
1307 2936 1314 2952 .

242 2980 302 3032 1Α.
321 2980 374 3034 sibi
390 2981 537 3049 adquisivit
848 2996 906 3034 θεεθ

228 3067 254 3132 ¹⁰,
268 3067 287 3097 ¹¹
306 3064 348 3118 Ita
366 3080 456 3119 omnes
470 3065 532 3129 (nisi
547 3064 618 3132 quod
630 3064 661 3117 L.
680 3081 728 3134 pro
808 3066 832 3099 ²⁰
849 3065 881 3118 Η.
891 3065 923 3118 L.
932 3066 970 3118 M.
982 3065 1010 3118 P.
1024 3064 1210 3119 consentiente
1220 3064 1312 3120 FIcino

267 3149 344 3204 iliata
366 3150 467 3204 habeat
488 3150 547 3216 iiia,
567 3137 602 3203 Ιθῖ
626 3148 731 3219 hocque
850 3149 977 3222 dpereat
1003 3149 1060 3222 epti
1085 3150 1098 3200 1
1128 3148 1229 3205 alesino
1260 3150 1315 3220 fiae

264 3251 313 3303 pro
332 3233 401 3300 boc).
412 3234 527 3288 —Editi
544 3249 605 3287 cum
619 3233 729 3289 Ficino:
850 3234 922 3289 delta
944 3235 1108 3306 rapioac,“);
1132 3249 1220 3301 neque
1238 3234 1314 3290 aliter

265 3318 341 3384 Quae
362 3319 503 3374 'conclusio
537 3336 575 3374 ex
609 3321 732 3376 omnibus
850 3321 1003 3389 conjecerat
1020 3320 1201 3375 Bouauuuus.
1227 3353 1263 3363 -
1285 3321 1314 3375 F.

266 3404 420 3473 manifestis
451 3404 528 3458 iliata
553 3411 600 3458 θεῖ.
643 3405 731 3458 Marti·
849 3405 964 3475 qaedam
979 3404 1054 3458 -V.
1073 3411 1100 3459 et
1117 3405 1188 3462 Edu
1207 3409 1313 3477 quidem

264 3489 421 3560 fasteradam
456 3494 495 3544 θεῖ
534 3495 623 3544 actem
658 3489 733 3560 quod
848 3521 882 3529 -
899 3491 931 3545 Iu
948 3490 980 3542 A.
1000 3489 1074 3544 deest
1092 3490 1203 3560 puidam

267 3575 366 3629 dicitur
609 3601 613 3613 ·
808 3576 830 3607 11
848 3580 874 3629 ct
890 3574 1052 3630 destruendo
1071 3576 1145 3630 deest
1162 3576 1191 3630 in
1201 3575 1234 3630 F.
1250 3581 1278 3632 et
1284 3576 1313 3631 P.

228 3663 256 3726 ¹¹,
270 3663 290 3695 11
306 3659 345 3713 M.
371 3661 486 3730 quisque
500 3659 583 3728 finem
595 3660 673 3730 juris
691 3660 731 3713 ia·
865 3660 935 3714 Edd.
953 3661 993 3714 sic
1010 3661 1174 3731 impossibile

266 3744 377 3800 tenderis
807 3745 831 3778 ²⁶
847 3744 885 3798 M.
907 3745 990 3814 finem
1014 3747 1094 3815 queri
1120 3777 1155 3784 —
1179 3746 1210 3800 P.
1232 3747 1314 3816 fiqem

226 3832 248 3864 11
265 3831 297 3884 F.
317 3847 377 3885 crim
394 3834 468 3883 motu
485 3828 613 3900 proditur
847 3846 927 3900 quem
957 3862 969 3867 -
995 3829 1030 3883 H.
1046 3830 1128 3898 finem
1145 3846 1204 3886 θεεθ

226 3916 248 3949 11
265 3915 296 3969 F.
332 3919 418 3969 omnis
450 3914 515 3983 fiais
552 3913 631 3969 babet
660 3931 729 3985 pro·
806 3915 830 3948 ¹⁶
847 3914 878 3968 F.
896 3914 975 3970 sicud
991 3930 1116 3984 conseqq.
1130 3945 1159 3954 -
1176 3933 1233 3987 per
1250 3934 1313 3973 con-

259 4001 354 4072 prium
372 4015 429 4053 θεεθ
847 4016 922 4070 sequ.

228 4086 248 4117 ¹⁷
266 4085 298 4138 F.
317 4085 347 4138 P.
372 4083 445 4138 Unde
463 4085 610 4155 impoliticc
806 4085 829 4117 11
848 4090 887 4138 θεῖ
905 4083 1032 4138 omittunt
1049 4084 1086 4137 M.
1105 4084 1135 4138 P.
1153 4086 1187 4140 V.

264 4234 337 4305 cap.
355 4236 407 4293 VI·
443 4238 453 4269 ¹
473 4237 521 4303 „In
539 4237 620 4303 isto‚“
639 4242 705 4306 puta
722 4238 750 4292 iu
768 4237 860 4305 quinto
880 4237 1005 4305 capitulo.
