2940 5040
511 322 797 378 Pnonuconnna.
1151 325 1212 379 XLI

192 498 228 570 In
248 497 412 587 Convivio,
431 497 464 568 in
491 496 583 569 libris
602 497 642 568 de
657 497 780 590 vulgari
799 496 993 593 eloquentia,
1012 499 1044 569 in
1066 499 1211 594 epistolis

88 627 156 698 iere
193 626 363 717 omnibus,
396 625 429 696 in
458 622 687 713 Cantionibus,
722 623 753 693 in
783 623 851 719 ipsa
879 622 1056 696 Comoedia
1092 625 1209 698 iterum

88 754 273 848 iterumque
307 752 517 848 conqueritur
543 750 664 821 Dantes
697 751 737 821 de
772 749 909 844 injusto,
942 753 1027 849 quod
1056 755 1213 849 perpetie-

88 880 201 970 batur,
236 879 341 949 exilio.
396 878 431 949 ln
462 878 530 949 Vita
568 901 649 948 nova
684 887 716 948 et
749 877 781 948 in
810 877 996 950 Monarcbia
1024 880 1101 950 solis
1127 881 1212 952 inter

91 1031 188 1104 opera
215 1007 357 1078 auctoris
380 1006 482 1077 nostri
508 1006 608 1076 altum
629 1006 667 1074 de
684 1005 780 1076 exilio
807 1005 984 1097 silentium,
1003 1005 1094 1100 cujus
1121 1008 1212 1100 ratio,

91 1135 151 1206 nisi
188 1144 362 1228 utrumque
396 1132 486 1229 prius
521 1157 616 1228 quam
652 1132 757 1203 solum
787 1143 911 1205 vertere
944 1143 1074 1204 coactus
1108 1133 1213 1205 fuerat

88 1262 211 1334 Dantcs
239 1260 418 1355 composita
445 1283 516 1329 esse
544 1258 700 1350 dicamus,
719 1259 770 1330 rix
797 1261 859 1331 crit
884 1258 1058 1331 reddenda.

193 1389 257 1460 Sed
285 1387 380 1459 altius
407 1387 468 1458 erit
494 1387 715 1458 redeundum:
745 1386 980 1458 Gravissimum
1008 1390 1211 1481 arrogantiae

90 1516 214 1612 Papaiis
233 1517 480 1606 documentum,
509 1515 594 1587 buiia
612 1515 739 1606 „Unam
759 1518 935 1604 sanctam“,
961 1514 1211 1585 renuntiabatur

89 1645 121 1716 in
140 1640 288 1714 Concilio
308 1642 457 1714 Romano
485 1667 597 1714 mense
618 1643 791 1714 Novembri
820 1642 897 1713 anni
920 1641 1040 1731 1302,
1065 1639 1210 1735 ejusdem

89 1771 177 1862 anni,
205 1794 268 1867 quo
297 1770 428 1861 Dantes,
455 1771 614 1864 legatione
641 1770 908 1842 Florentinorum
939 1771 977 1840 ad
1007 1768 1210 1840 Boniiacium

90 1899 232 1989 iunctus,
258 1897 298 1968 de
316 1896 419 1967 Roma
447 1899 647 1969 discesserat
688 1897 774 1968 Fieri
804 1921 870 1968 non
897 1896 1011 1992 potuit,
1028 1897 1104 1992 quin
1134 1896 1212 1968 baec

89 2025 174 2097 bulla
194 2024 385 2095 brevissimo
415 2035 561 2121 {empore
588 2027 750 2120 integram
778 2023 950 2117 exagitaret
975 2019 1211 2120 Europam,4²)

89 2161 121 2222 et
146 2152 233 2222 inter
259 2151 300 2221 ita
318 2162 501 2223 commotos
520 2162 632 2223 auctor
650 2163 762 2223 noster
777 2160 864 2221 certe
891 2172 958 2218 non
987 2148 1047 2218 init
1065 2148 1210 2219 ultimus.

89 2279 205 2351 Nullus
234 2279 363 2375 quidem
398 2278 520 2369 dubito,
547 2279 696 2370 Dantem,
722 2279 817 2350 etiam
847 2285 959 2348 contra
987 2274 1208 2346 auctoritatem

90 2407 210 2478 summi
238 2404 415 2497 Pontificis,
449 2431 487 2476 ex
515 2407 664 2477 cathedra
693 2407 828 2501 loquuti,
862 2405 1000 2475 veritum
1030 2425 1094 2471 non
1131 2425 1212 2492 esse,

89 2534 284 2605 contrariam
323 2534 516 2604 sententiam
551 2534 712 2630 profiteri,
748 2532 992 2628 rationibusque
1026 2529 1211 2619 defendere,

90 2661 174 2758 quod
195 2675 281 2732 certe
308 2665 403 2733 etiam
432 2661 662 2758 praetermisso
688 2660 767 2730 tanti
787 2659 960 2730 adversarii
981 2657 1114 2729 nomine
1140 2657 1209 2728 tieri

89 2798 230 2885 poterat3
270 2786 339 2882 ejus
366 2799 473 2860 tamm
509 2789 570 2859 suit
602 2787 755 2858 adversus
794 2810 964 2883 supremas
992 2784 1095 2855 clares
1122 2807 1210 2854 rere·

88 2916 232 3007 rentiae,
268 2926 303 2987 ut
329 2926 519 3011 argumenta
547 2940 564 2986 a
591 2915 676 2985 Petri
704 2938 893 2986 successore
926 2937 984 3008 pro
1013 2936 1047 2982 se
1074 2910 1209 2982 adducta

90 3043 220 3116 silentio
238 3043 424 3139 praeterire,
442 3043 489 3113 vet
509 3043 540 3113 in
563 3042 746 3139 oppositum
767 3040 865 3112 linem
886 3042 1089 3135 detorquere,
1113 3062 1210 3109 ausus

91 3181 177 3242 certe
198 3195 263 3241 non
283 3148 406 3242 inisset.
451 3170 519 3241 Hoc
538 3181 666 3261 tamen,
684 3170 709 3240 si
727 3168 847 3241 bullam
868 3190 942 3238 cum
963 3165 1057 3236 tertio
1084 3164 1127 3237 de
1142 3164 1210 3235 Mo·

91 3297 221 3370 narcbia
241 3297 323 3369 libro
342 3299 582 3394 componimus,
600 3299 719 3369 factum
749 3319 823 3367 esse
838 3294 995 3384 videmus,
1013 3304 1049 3363 ut
1070 3317 1209 3389 sequens

89 3425 194 3498 tabula
223 3424 341 3495 clarius
368 3425 533 3495 ostendet:

89 3573 206 3628 Pulchro
224 3573 341 3640 prolata,
357 3571 455 3626 fortius
473 3573 553 3626 etiam
571 3588 622 3641 pro
639 3572 806 3641 Imperatore
825 3574 938 3640 certare,
956 3571 984 3622 et
1001 3567 1066 3621 ideo
1083 3582 1207 3635 magnam

89 3673 195 3735 partem
221 3667 249 3719 in
267 3681 350 3734 opere
367 3672 462 3720 nostro
485 3681 632 3733 recurrere,
650 3671 716 3722 nota
738 3681 782 3720 rea
806 3668 856 3719 est.
894 3660 1011 3715 Easdem
1035 3661 1071 3716 ob
1090 3663 1209 3715 rationes

89 3764 279 3828 argumentum
303 3764 425 3814 nostrum
450 3775 467 3813 a
490 3759 564 3814 bulla
586 3759 687 3823 „Unam
706 3763 843 3815 sanctam
862 3754 984 3809 inlibris
1002 3754 1036 3808 de
1054 3753 1210 3808 Monarobia

88 3868 203 3921 prorsus
220 3852 345 3921 neglecta
368 3853 536 3917 desumtum‚
559 3869 592 3908 eo
609 3870 664 3908 nou
688 3853 868 3909 labefactatur
890 3848 965 3918 quod
983 3847 1141 3902 constitutio
1165 3847 1211 3901 illa

88 3947 243 4002 immediate
262 3947 370 4016 quidem
388 3942 600 4001 liteaPontificis
618 3963 678 4001 cum
693 3947 772 4016 Rege
789 3946 954 3999 Francorum
972 3941 1109 4010 respiciat.
1139 3939 1209 3994 Pro-

88 4041 162 4096 iecto
178 4042 235 4111 jam
254 4056 271 4094 a
288 4040 459 4111 synchronis,
475 4041 513 4094 ibi
532 4040 566 4094 de
576 4039 702 4107 Philippo
720 4039 793 4094 dicta
810 4038 890 4092 etiam
909 4036 944 4090 de
953 4036 1129 4103 Imperatore,
1145 4047 1209 4087 cae-

89 4135 210 4204 terisque
227 4134 399 4202 Principibus
417 4133 576 4202 accipicnda
594 4148 663 4198 esse,
682 4149 736 4186 non
755 4131 939 4187 dubitabatur.

174 4228 206 4294 ⁴¹)
225 4225 312 4282 Tosrr
328 4227 421 4283 Storr'a
438 4227 469 4282 di
487 4227 635 4297 Bonifatio
651 4225 732 4281 VIII.
751 4245 777 4294 p.
796 4231 854 4282 306.
