2940 5040
362 313 496 369 DANTlS
514 313 732 370 MONARCHIA
749 315 770 368 Ι.
789 314 819 370 C.
839 320 878 369 ll.
896 319 958 381 (13).
1182 314 1220 377 17

96 484 197 569 Virgo
230 505 368 568 namque
400 487 577 553 vocabatur
608 485 749 569 Iustitia,
790 505 884 569 quam
922 486 1019 553 ctiam
1052 489 1220 557 Astraeum

94 588 267 655 vocabant.
314 587 463 655 Saturnia
490 608 588 672 regna
617 587 765 655 dicebant
793 588 913 671 optime
945 593 1104 675 tempora,
1138 609 1221 673 quas

93 687 196 755 etiam
224 707 322 756 aurca
343 689 576 775 nuncupabant.
620 688 745 755 Iustitia
772 689 939 774 potissima
960 695 1010 758 est
1034 692 1137 758 solum
1159 693 1219 760 sub

94 789 285 874 Monarcha;
312 810 388 873 ergo
409 793 452 858 ad
473 791 626 875 optimam
649 790 759 856 mundi
779 790 1019 876 dispositionem
1040 793 1218 879 requiritur,

93 909 168 958 esse
190 892 418 977 Monarcbiam,
441 893 510 959 sire
531 892 711 976 Imperium.
1238 903 1269 955 ro

182 991 236 1058 Ad
258 993 453 1061 evidentiam
469 993 717 1079 subadsumptae
739 993 910 1078 sciendum,
934 994 1020 1078 quod
1034 994 1156 1061 iustitia
1178 997 1218 1064 de

92 1111 131 1160 se
159 1099 193 1160 et
214 1093 248 1158 in
275 1095 404 1181 propria
432 1101 545 1161 natura
570 1094 785 1178 considerata,
811 1101 861 1163 est
882 1095 1040 1179 quaedam
1061 1097 1217 1165 rectitudo

94 1194 166 1262 sire
187 1197 313 1280 regula,
337 1196 501 1279 obliquum
523 1196 691 1263 hincinde
714 1196 883 1281 abiiciens3
908 1205 940 1265 ct
962 1198 1008 1264 sic
1029 1219 1092 1264 non
1106 1199 1218 1284 recipit

94 1296 199 1379 magis
228 1303 261 1364 ct
294 1297 414 1383 minus,
451 1298 718 1381 quemadmodum
747 1298 864 1365 albedo
899 1299 932 1364 in
967 1318 1024 1366 suo
1056 1300 1216 1368 abstracto

93 1397 307 1467 considerata.
352 1400 433 1466 Sunt
455 1399 538 1466 enim
553 1399 735 1466 huiusmodi
750 1400 870 1468 formae
889 1400 1046 1484 quaedam
1061 1403 1215 1487 composi·
1238 1411 1268 1463 15

92 1499 174 1566 tioui
185 1501 412 1584 contingentes,
425 1505 458 1567 et
468 1500 674 1569 consistentes
685 1500 821 1586 simplici
833 1507 865 1567 et
874 1502 1056 1568 invariabili
1068 1503 1217 1587 essentia,

93 1609 129 1668 ut
151 1603 306 1685 Magister
327 1624 385 1670 sex
398 1601 625 1688 principiorum
639 1606 724 1670 recte
739 1603 798 1687 ait3
823 1605 980 1690 recipiunt
993 1609 1100 1672 tamen
1114 1607 1218 1690 magis

92 1711 126 1771 et
148 1705 253 1771 minus
274 1704 457 1773 huiusmodi
485 1703 656 1786 qualitates
678 1725 719 1770 cx
740 1710 832 1790 parte
853 1706 1075 1791 subiectorum,
1103 1708 1217 1790 quibus

93 1813 332 1890 concurruntur,
355 1804 528 1873 secundum
551 1805 637 1886 quod
659 1806 761 1887 magis
784 1812 816 1872 et
837 1808 942 1874 minus
956 1809 988 1874 iu
1011 1809 1161 1876 subiectis
1176 1808 1217 1877 de

92 1909 260 1976 contrariis
272 1907 471 1974 admiscetur.
504 1907 569 1973 Ubi
580 1926 655 1989 ergo
670 1908 835 1973 minimum
850 1909 890 1976 dc
905 1910 1062 1976 contrario
1075 1910 1218 1979 iustitiae
1235 1919 1267 1973 2⁰

92 2009 296 2094 admiscetur,
313 2016 344 2076 et
356 2015 508 2091 quantum
520 2008 563 2073 ad
573 2008 717 2073 habitum
730 2014 762 2075 et
773 2016 924 2091 quantum
936 2011 979 2076 ad
990 2013 1215 2096 operationem,

92 2112 139 2178 ibi
160 2112 284 2178 iustitia
310 2111 478 2195 potissima
506 2114 562 2178 est.
606 2110 647 2175 Et
675 2131 750 2177 vere
772 2117 846 2176 tunc
873 2116 978 2197 potest
1001 2112 1064 2178 dici
1086 2113 1126 2180 dc
1148 2113 1215 2197 illa,

93 2219 128 2279 ut
150 2214 366 2297 Philosophus
393 2212 511 2296 inquit,
534 2232 656 2296 „neque
678 2212 856 2298 Hesperus,
885 2233 987 2295 neque
1015 2215 1142 2281 Lucifer
1170 2214 1216 2282 sic

93 2314 294 2381 admirabilis
322 2314 399 2381 est“.
443 2313 502 2379 Est
528 2314 613 2379 onim
644 2319 718 2380 tunc
746 2315 897 2382 Phoebae
927 2315 1056 2400 similis,
1085 2317 1215 2384 fratrem

93 2416 323 2484 diametralitcr
344 2416 478 2483 intuenti
502 2415 542 2483 de
563 2435 721 2501 purpureo
744 2416 918 2483 matutinae
940 2418 1127 2484 serenitatis.
1232 2430 1264 2482 25

127 2587 138 2618 ⁶
156 2587 189 2639 A.
208 2585 241 2640 F.
259 2585 291 2639 L.
310 2584 347 2639 M.
364 2584 483 2638 V.·-H.
500 2583 530 2637 P.
545 2599 627 2653 qaam
706 2585 726 2617 ¹³
744 2584 776 2637 F.
796 2583 1069 2654 obliqarrmlriaaaoa
1086 2585 1215 2641 abiiciens

160 2677 187 2724 et
203 2675 345 2725 maccam
704 2671 724 2702 ¹⁴
742 2668 811 2722 Edd.
829 2671 926 2741 recipit
944 2671 1031 2724 maias

127 2754 223 2809 7Εᾱᾶ.
243 2771 330 2824 raquo
348 2753 507 2808 dicebantur
525 2755 627 2823 optima
762 2753 796 2808 H.
825 2755 857 2808 L.
889 2754 926 2808 M.
952 2755 984 2808 V.
1012 2755 1162 2826 quamadm.
1187 2761 1214 2810 at

126 2841 138 2874 ⁸
155 2839 189 2894 A.
207 2840 239 2895 F.
258 2838 292 2893 H.
310 2839 341 2892 L.
360 2839 399 2892 M.
414 2837 492 2891 V.·-
509 2837 537 2890 P.
557 2853 628 2906 qrcac
746 2839 1211 2910 albedo-F.etqaemadm.aibedo

160 2930 187 2979 et
204 2940 289 2978 aurea
479 2952 482 2957 >
705 2926 725 2958 ¹⁷
742 2925 774 2978 F.
792 2926 927 2996 recipiant
945 2932 1033 2979 autem

176 3011 214 3064 M.
232 3007 462 3080 rraacapabaatar
704 3010 725 3043 ¹⁸
742 3009 1210 3082 Eddmapisetmiaashaiasqaal.

177 3096 208 3148 A.
228 3095 259 3148 F.
278 3094 311 3148 L.
329 3091 408 3146 MV.
419 3122 448 3131 -
464 3091 498 3146 H.
516 3091 546 3145 P.
567 3107 628 3145 cum
764 3095 801 3148 M.
820 3100 847 3149 et
864 3093 924 3148 edd.
942 3096 1082 3165 qualitatis

159 3179 283 3234 versione
301 3178 388 3232 Fioini
406 3177 516 3232 Iustitia
529 3183 628 3248 poteri·
763 3181 800 3234 M.
820 3197 857 3234 aa
875 3181 973 3250 quibas
989 3183 1162 3237 coartarentur

159 3266 264 3320 tissima
281 3269 323 3318 est
702 3267 725 3298 2²
742 3265 773 3318 F.
787 3270 880 3337 potest
896 3264 952 3321 dici
967 3265 1000 3320 da
1018 3282 1050 3320 era

124 3350 137 3384 ⁹
153 3349 189 3404 H.
206 3347 427 3405 subMoaarolria
444 3349 499 3402 sice
514 3347 627 3418 imperia
703 3351 726 3384 ²⁵
742 3350 775 3405 L.
793 3350 910 3403 iulaeati
925 3349 959 3404 de
970 3352 1211 3422 purpureis-M.

175 3435 209 3489 V.
227 3450 294 3505 erqo
311 3432 349 3487 ad
365 3439 485 3503 optatam
746 3435 792 3489 iat.
812 3435 844 3488 de
857 3451 1001 3506 prarparea

116 3520 139 3552 ¹⁰
155 3519 188 3575 F.
206 3518 358 3589 requiritur
374 3516 536 3571 Monarcbia
763 3521 795 3571 A.
815 3520 946 3573 raatatiuo
963 3535 1050 3573 seraa

117 3605 137 3637 '¹
155 3603 225 3658 Edd.
255 3606 318 3672 post
347 3601 557 3668 sabadsanrptae
586 3601 627 3655 in·

158 3693 252 3744 serunt
263 3687 464 3759 propositionis

91 3823 251 3879 Monarchia
268 3822 399 3892 Augusti,
417 3821 464 3876 sed
482 3821 515 3875 de
528 3820 636 3877 Christo
654 3824 791 3878 nascituro
808 3823 836 3876 h.
853 3824 870 3876 l.
889 3822 1064 3878 vaticinatum
1081 3825 1211 3881 esseVir·

127 3894 195 3957 um,
220 3891 304 3947 tradit
327 3899 423 3945 auctor
446 3894 546 3944 noster.
618 3893 639 3924 ¹⁷
657 3890 825 3945 (ianuarum
842 3895 909 3960 puta
925 3891 1126 3947 Poannrauurr.

104 3961 325 4016 ’Aarsronrcnrss
343 3958 446 4038 BHM.
457 3956 614 4039 Nicomach.
632 3958 666 4012 V.
686 3965 709 4015 3.
752 3961 830 4014 Vers.
848 3965 909 4013 ant:
935 3958 1210 4082 „Neqplechsperua

90 4043 176 4099 neque
193 4028 305 4085 Lucifer
320 4029 360 4082 ita
377 4026 568 4081 admrrabrhs.“
637 4028 678 4081 df.
696 4026 1002 4083 Auroa1sParsdis.X
1071 4036 1124 4083 .l:

343 4111 457 4178 mando
476 4112 553 4166 ambo
571 4127 586 4165 e
602 4110 656 4166 dae
673 4114 684 4166 i
697 4112 761 4184 fiqli
772 4112 803 4166 di
818 4111 934 4177 Latona,

381 4179 490 4250 Caperti
505 4178 551 4234 del
566 4178 695 4234 Moatoac
712 4197 727 4235 e
744 4179 816 4234 della
833 4179 926 4245 Libra,

377 4247 474 4302 Fauno
492 4246 553 4302 deii
569 4250 710 4304 orizzonte
726 4250 835 4303 insieme
852 4264 930 4303 zoua.

1041 4338 1056 4390 2
