2940 5040
570 343 853 402 PROLEGOMENA.
1235 350 1273 404 LI

199 531 392 617 apparenter
419 521 495 592 satis
522 522 668 593 ordinate
695 522 862 617 processit,
881 545 955 592 cum
983 522 1144 617 aliquibus
1164 534 1270 595 tamen

197 649 283 719 veris
318 649 418 720 multa
455 649 533 720 salsa
568 650 787 745 permiscenS,
819 649 906 720 volui
941 652 1147 744 perscrutari.
1209 651 1271 723 Ubi

199 775 301 846 multa
329 774 407 846 falsa
426 777 620 872 conscripta,
638 785 670 846 et
695 773 764 868 ejus
791 775 921 848 lrivolas
939 778 1091 867 rationes,
1115 788 1150 849 ut
1166 779 1273 850 verbis

200 912 273 972 utar
299 900 450 973 [lectoris
487 903 751 974 excellentissimi
778 903 962 998 Augustini,
996 905 1028 974 in
1056 903 1124 974 Deo
1158 905 1274 996 fidens,

200 1028 367 1124 diligentia
394 1029 542 1121 discutio,
571 1041 603 1100 et
628 1030 840 1124 intelligentia
867 1031 951 1101 clara
978 1031 1128 1102 dissolvo.

249 1156 418 1250 Integrum
446 1155 578 1252 quidem
606 1181 688 1252 opus
715 1167 864 1227 nostrum
893 1159 1054 1252 percurrit
1080 1171 1208 1249 auctor,
1242 1171 1274 1230 et

150 1294 344 1379 argumenta
377 1309 394 1356 a
427 1283 532 1355 Dante
572 1285 736 1380 proposita
773 1283 937 1377 sigillatim
972 1286 1120 1357 refellere
1157 1287 1275 1377 studet,

150 1413 204 1484 sed
242 1411 354 1483 leviter
387 1421 513 1483 tautum
549 1421 581 1482 et
614 1411 681 1506 ipsa
717 1410 824 1505 operis
850 1413 945 1484 verba
978 1436 1109 1507 perraro
1136 1413 1274 1485 fideliter

149 1540 309 1612 reserens,
363 1539 494 1634 Aliquot
529 1536 624 1632 liujus
659 1539 789 1633 generis
816 1538 984 1610 citationes
1018 1540 1051 1610 in
1087 1541 1173 1612 notis
1199 1540 1273 1612 libri

148 1668 247 1764 primi
282 1667 395 1758 retuli,
429 1668 484 1737 sed
519 1690 620 1763 quum
648 1690 754 1761 neque
787 1666 826 1736 ad
860 1665 1122 1739 emendationem
1158 1677 1275 1760 textus,

149 1818 256 1890 neque
283 1796 323 1866 ad
350 1795 652 1890 interpretationem
680 1818 734 1864 eas
752 1794 829 1889 quid
856 1795 1005 1865 conferre
1022 1796 1178 1887 riderem,
1202 1821 1274 1892 per·

148 1946 224 2018 gere
253 1921 371 1994 destiti.
416 1919 532 1993 Modus
558 1920 808 2016 argumentandi
836 1922 1015 1993 urbanitate
1041 1922 1075 1992 in
1101 1922 1274 1994 Prooemio

148 2050 242 2121 dictis
270 2059 320 2120 est
344 2048 502 2144 aequalis:
529 2049 582 2139 ita,
601 2072 642 2122 ue
656 2048 858 2120 desideretur
876 2048 1072 2143 exemplum,
1090 2048 1130 2118 de
1158 2049 1273 2120 ultimo

150 2177 223 2273 libri
253 2177 390 2248 secundi
409 2177 510 2271 capite
537 2185 689 2265 tractans,
716 2175 775 2246 ait:
802 2173 885 2264 „Hic
912 2175 1012 2247 homo
1038 2177 1099 2246 iste
1118 2177 1274 2272 copiosis·

150 2304 232 2376 sime
277 2304 432 2394 deliravit,
475 2315 506 2375 et
549 2303 702 2399 ponendo
735 2327 772 2375 os
806 2303 838 2372 in
877 2302 1017 2393 coelum,
1060 2302 1171 2398 lingua
1203 2301 1273 2397 ejus

150 2431 298 2503 transivit
312 2432 345 2500 in
366 2433 520 2502 terram.“
557 2430 742 2502 Notandum
763 2440 873 2500 tamen
890 2429 1200 2529 ipsumVernauum
1220 2432 1275 2502 de·

150 2567 277 2630 cantato
304 2557 351 2629 illi
377 2568 572 2653 argumento
591 2583 608 2629 a
627 2559 694 2629 sole
722 2569 755 2628 et
780 2557 857 2629 luna
883 2558 1086 2649 renunciare,
1110 2558 1272 2630 dicentem

149 2685 338 2776 „Quantum
363 2685 402 2756 ad
429 2685 495 2756 duo
522 2685 626 2780 prima
645 2695 848 2779 argumenta,
866 2685 938 2756 dico
965 2695 998 2755 et
1014 2687 1167 2776 concedo,
1186 2686 1272 2781 quod

149 2813 333 2884 necessario
361 2835 427 2884 nou
455 2813 670 2902 concludunt;
697 2837 771 2883 nam
805 2813 923 2903 dicere,
949 2813 1035 2908 quod
1063 2812 1128 2883 duo
1155 2835 1273 2907 magna

149 2939 322 3011 luminaria
355 2938 539 3034 significant
573 2939 638 3010 duo
671 2940 850 3033 regimina,
885 2950 935 3011 cst
969 2940 1126 3035 expositio
1162 2941 1273 3034 mysti-

148 3067 278 3137 casine
306 3064 542 3161 metaphorica:
570 3066 641 3137 talis
668 3079 775 3137 autem
802 3067 979 3161 Theologia
1007 3090 1072 3137 non
1101 3077 1149 3137 est
1178 3090 1274 3160 argu·

149 3192 354 3264 mentativa.“

249 3319 401 3409 Facinus
427 3320 523 3416 paulo
550 3332 624 3417 post
642 3320 912 3416 compositionem
940 3318 1036 3414 hujus
1063 3321 1174 3417 scripti
1201 3345 1274 3417 per·

148 3456 320 3543 penatum,
337 3447 388 3518 his
404 3448 522 3540 verbis,
542 3472 623 3543 quae
651 3472 749 3543 supra
776 3449 818 3543 (p.
837 3445 981 3546 XXXVl)
1007 3448 1105 3519 relata
1132 3471 1273 3543 sequun-

149 3587 217 3666 tur,
258 3585 291 3646 et
325 3575 410 3670 apud
445 3575 703 3648 Sermartellium
738 3575 858 3671 pariter
890 3576 1132 3666 desiderantur,
1165 3585 1275 3646 narrat

147 3701 342 3775 Boocnrrus:

199 3830 326 3916 Queoto
360 3830 445 3902 libro
469 3831 530 3926 pila
556 3829 636 3900 caol
670 3828 752 3924 dopo
780 3829 817 3901 lca
840 3839 946 3901 morte
973 3829 1061 3901 dello
1088 3840 1207 3901 autore
1233 3833 1273 3926 so

202 3960 348 4030 decocto
377 3960 422 4030 do
441 3981 568 4029 messer
594 3956 789 4041 Beltroodo‚
820 3956 999 4028 Gordinole
1033 3957 1088 4029 del
1113 3957 1272 4051 Poppetto
1400 4005 1404 4015 ·

199 4087 413 4182 (Bostrandus
432 4085 470 4156 dc
496 4082 665 4176 Castenet,
682 4083 861 4156 Cardinalis
878 4081 1078 4183 Portuensis)
1114 4108 1131 4155 e
1163 4084 1271 4179 lepoto

200 4215 256 4288 del
288 4214 382 4310 Papo
424 4211 512 4283 nelle
544 4211 639 4307 porti
674 4212 710 4283 di
737 4211 938 4284 lombardia
951 4270 961 4305 ,
1006 4213 1140 4284 cedente
1177 4212 1273 4307 Papo

1029 4326 1068 4380 d*
