2940 5040
354 335 488 392 DANTIS
505 335 725 391 MONAROHIA
741 335 775 389 Π.
794 336 824 390 0.
843 341 867 388 t.
1136 331 1174 393 61

55 510 134 597 juris
162 509 403 576 fundamentum
431 508 535 576 ordini
563 509 605 574 sit
626 529 793 575 annexum.
838 509 977 574 Necesse
1000 515 1049 574 est
1070 508 1175 594 igitur,

58 611 200 680 ordinem
222 610 262 678 de
281 613 354 697 jure
379 612 508 678 servari.
1196 611 1226 661 15

141 715 304 781 Romanus
319 715 456 799 populus
469 713 512 779 ad
533 712 753 798 imperandum
769 712 932 779 ordinatus
946 713 1006 778 fuit
1022 719 1176 798 unctura,
1213 700 1217 707 ’

58 823 88 884 et
109 817 172 884 hoc
193 816 240 882 sic
255 815 449 883 declaratur:
473 816 562 882 Siout
582 816 639 882 ille
654 814 802 881 deficeret
823 815 865 879 ab
881 815 958 879 artis
972 815 1176 901 perfectione,

58 919 112 1002 qui
133 918 263 983 finalem
276 919 411 984 formam
432 924 555 984 tantum
577 917 764 1000 intenderet,
787 915 893 982 media
913 937 1000 1000 vero,
1022 936 1080 999 per
1095 938 1177 1000 quae

57 1020 98 1086 ad
125 1021 262 1086 formem
289 1020 498 1104 pertingeret,
527 1040 590 1089 non
619 1023 757 1101 curaret3
787 1019 833 1084 sic
861 1023 989 1103 natura,
1019 1020 1047 1085 si
1075 1022 1178 1087 solem

56 1122 191 1188 formam
213 1121 428 1187 universalem
450 1120 579 1188 divinae
602 1120 818 1187 similitudinis
846 1121 879 1184 in
904 1120 1052 1188 universo
1074 1123 1175 1188 inten·
1195 1128 1227 1182 2⁰

57 1223 162 1306 deret,
191 1223 298 1289 media
326 1230 433 1290 autem
460 1224 644 1306 negligeret.
696 1221 761 1288 Sed
789 1225 901 1286 natura
929 1223 962 1286 in
990 1224 1078 1288 nulla
1106 1245 1175 1308 per-

54 1324 193 1391 fectione
216 1323 339 1409 deficit,
370 1345 467 1408 quum
495 1326 537 1391 sit
566 1344 646 1408 opus
674 1324 803 1390 divinae
825 1324 1072 1406 intelligentiae,
1102 1345 1176 1408 ergo

55 1427 163 1493 media
184 1428 291 1493 omnia
313 1427 463 1511 intendit,
486 1447 544 1511 per
565 1447 647 1509 quae
670 1425 713 1491 ad
727 1425 872 1490 ultimum
895 1445 971 1491 suae
993 1427 1176 1495 intentionis

55 1527 231 1596 devenitur.

140 1631 244 1711 Quum
267 1651 342 1714 ergo
365 1630 436 1695 finis
459 1630 588 1695 humani
609 1630 735 1713 generis
759 1631 814 1714 sit,
839 1636 872 1697 et
894 1630 935 1697 sit
956 1631 1089 1715 aliquod
1111 1652 1174 1698 me·
1194 1638 1226 1692 25

55 1729 144 1796 dium
173 1731 388 1798 necessarium
422 1731 464 1796 ad
492 1732 587 1797 finem
623 1737 755 1797 naturae
783 1733 1011 1818 universalem3
1048 1755 1177 1803 necesse

57 1840 119 1916 est,
143 1840 291 1899 naturam
313 1834 418 1926 ipsum
440 1833 614 1900 intendere.
659 1835 793 1917 Propter
821 1835 908 1916 quod
936 1835 1017 1902 bene
1039 1835 1174 1902 Philo-

54 1935 220 2020 sophus,
248 1942 394 2002 nuturam
416 1956 543 2020 semper
569 1953 664 2016 agere
688 1939 819 2018 propter
840 1934 951 2019 finem,
980 1935 1175 2003 insecundo

54 2040 104 2104 De
140 2038 278 2103 naturali
322 2038 433 2102 auditu
476 2038 599 2122 probat.
670 2035 711 2100 ut
754 2036 830 2118 quia
872 2036 914 2101 ad
957 2038 1040 2103 huno
1080 2037 1176 2103 finem

83 2242 102 2273 ¹⁴
120 2239 154 2293 H.
167 2239 197 2292 P.
218 2240 303 2310 ἐρέτην
320 2238 446 2293 est—M.
466 2242 505 2293 est
522 2254 587 2310 erqo
667 2239 691 2271 ²⁰
707 2237 739 2291 A.
757 2237 877 2308 formam
900 2237 1059 2292 diuersalem
1085 2269 1119 2278 —
1142 2238 1174 2291 L.

121 2355 155 2365 -
173 2325 206 2377 A.
224 2324 256 2377 F.
274 2340 340 2395 erpo
358 2335 398 2378 est
705 2323 790 2393 form.
799 2321 924 2376 humilem
935 2323 1176 2393 -P.form.oelut

85 2412 106 2443 ¹⁶
122 2410 155 2463 A.
174 2409 205 2462 F.
223 2409 256 2463 L.
274 2409 304 2462 P.
323 2441 356 2448 -
379 2409 413 2463 H.
433 2408 587 2465 ordinatum
666 2408 689 2440 ²¹
706 2407 738 2461 L.
756 2408 793 2462 M.
809 2407 924 2462 mediam
942 2415 1031 2463 autem

122 2495 156 2549 de
172 2495 241 2566 jure
264 2495 370 2548 servari
394 2525 426 2534 -
457 2494 496 2547 M.
515 2491 589 2563 qood
724 2493 757 2547 F.
775 2493 808 2548 Si
823 2498 923 2548 notura

121 2585 223 2634 natura
240 2579 384 2643 ordinavit,
402 2579 436 2634 de
448 2580 516 2650 jure
532 2593 589 2632 ser-
665 2578 688 2613 ²³
707 2578 739 2631 F.
757 2594 824 2633 suae
841 2579 1024 2650 perfectionis

122 2666 184 2720 vari
205 2695 238 2702 -
255 2663 288 2717 V.
308 2664 383 2733 qood
404 2663 540 2718 ordinavit
557 2661 591 2716 de
668 2664 692 2696 ²⁵
708 2670 735 2717 et
751 2666 795 2729 sit,
813 2665 885 2733 quod
902 2665 979 2719 abest
1002 2680 1019 2718 a
1037 2664 1176 2719 codicibus

115 2752 185 2822 jore
201 2751 314 2804 seruari.
342 2748 485 2803 Recentior
499 2753 590 2802 tumen
710 2753 736 2802 et
753 2749 840 2815 editis,
859 2755 890 2802 ut
906 2749 1014 2817 plenum
1032 2753 1060 2804 et
1079 2749 1176 2804 intelli-

122 2850 217 2889 menus
243 2836 313 2888 inter
335 2833 410 2904 quod
432 2839 459 2887 et
479 2832 590 2887 ordina·
708 2833 814 2902 gibilem
831 2833 1003 2888 redderemus
1019 2836 1175 2900 cretionem,

122 2923 160 2974 vit
177 2919 277 2989 adjecit
294 2917 429 2989 quidquid
436 2921 589 2972 conturm—
707 2918 879 2973 inserendum
897 2934 956 2974 esse
974 2919 1106 2974 duximus.
1135 2918 1175 2972 of.

122 3005 208 3060 Ficin.
220 3010 247 3058 et
260 3003 318 3059 edd.
330 3003 365 3057 sd
382 3019 464 3057 unum
481 3018 588 3057 omnes:
707 3018 776 3057 vers.
785 3003 888 3058 Ficini:
900 3004 1034 3075 Adeoque
1043 3004 1176 3059 esisteodo

122 3089 197 3160 quod
213 3089 348 3160 quidquid
363 3093 464 3143 natura
481 3088 591 3142 ordino·
708 3087 731 3140 il
750 3088 807 3156 fine
829 3088 903 3143 dello
928 3091 1043 3163 racione
1066 3106 1176 3153 umaoa,

122 3176 167 3239 vit,
186 3174 219 3228 de
231 3176 299 3244 jure
320 3175 426 3228 seruari
441 3171 537 3228 debeat
709 3174 787 3227 existe
813 3190 849 3226 uu
875 3180 948 3229 certo
973 3190 1067 3229 mezzo
1085 3189 1176 3228 neces-

84 3261 105 3293 ¹⁷
123 3259 156 3312 A.
174 3259 207 3312 H.
226 3259 258 3312 L.
277 3259 315 3313 M.
334 3258 364 3311 P.
389 3289 422 3298 -
446 3257 478 3312 V.
503 3264 530 3311 et
551 3259 591 3312 sie
709 3259 783 3312 sorio
807 3259 837 3313 al
854 3260 911 3328 line
932 3259 1083 3314 uroioersale
1104 3259 1177 3314 della

123 3344 189 3400 decl.
209 3375 242 3383 -
265 3344 296 3397 F.
315 3349 342 3397 et
360 3343 435 3398 editt.
461 3342 535 3412 qood
551 3343 591 3397 sic
709 3349 826 3405 natura,
844 3361 859 3397 e
876 3344 974 3413 quoodo·
989 3345 1003 3398 ἑ
1021 3345 1175 3398 necessario

123 3430 190 3494 dect„
709 3426 759 3483 che
776 3428 803 3482 la
814 3434 940 3483 rootoraa
949 3435 1043 3499 questo
1057 3428 1175 3484 attendo.

84 3515 105 3548 ¹⁸
122 3515 156 3568 F.
174 3514 262 3569 media
279 3520 368 3569 autem
667 3514 691 3547 ²⁰
707 3514 739 3568 F.
760 3514 791 3567 P.
810 3520 926 3568 notroroe
943 3513 1008 3568 velle
1025 3529 1133 3568 necesse

84 3601 106 3633 ¹⁰
122 3599 155 3654 L.
174 3600 212 3655 ad
226 3600 347 3671 formum
365 3599 510 3670 attioqeret
668 3599 691 3632 ²⁷
710 3598 742 3651 F.
760 3599 791 3652 P.
816 3605 943 3652 cocturam
967 3600 1054 3670 apuam
1083 3629 1117 3636 —
1142 3598 1175 3651 A.

707 3685 795 3755 eptam
812 3689 939 3738 oraturam

123 3854 196 3924 (lap.
215 3853 283 3910 un.
320 3854 343 3886 ²³
361 3853 414 3920 „cd
431 3852 579 3918 ultimum‚“
597 3856 664 3920 puto
680 3851 769 3915 finem,
787 3868 872 3919 „suae
888 3853 1072 3907 intentionis.“

56 3923 80 3955 ²⁷
114 3923 236 3992 ‚ipsum“
261 3921 377 3976 medium
401 3921 512 3976 scilicet.
615 3921 640 3954 ²⁹
656 3921 841 3975 Amsnonmrs
859 3920 976 3990 Physica
1002 3919 1045 3983 (de
1062 3921 1175 3990 physico

56 3964 161 4057 auditu)
174 3992 209 4044 Π.
222 3997 245 4044 1.
264 3995 341 4056 (vers.
360 3994 439 4056 ant.):
459 3990 527 4056 „Est
543 3988 624 4058 igitur
641 3994 740 4042 nutura
753 3989 915 4057 principium
928 3989 1042 4058 alicujus
1055 3995 1082 4043 et
1092 4005 1176 4044 causo

55 4060 179 4114 movendi
197 4065 223 4114 et
241 4059 404 4127 quiescendi,
423 4057 451 4110 in
461 4073 522 4180 (ἥξω
540 4063 581 4112 est
591 4057 707 4126 primum
724 4072 773 4126 per
790 4072 827 4123 se,
846 4064 873 4111 et
890 4073 945 4112 non
963 4058 1112 4112 secundum
1129 4073 1175 4113 sc·

57 4127 176 4182 cidens.“
217 4128 260 4182 Ibi
284 4143 343 4196 cup.
364 4131 391 4180 2:
418 4127 460 4191 „A
498 4141 532 4180 uo
555 4126 627 4193 quod
651 4126 730 4194 cujus
754 4140 838 4179 consu
854 4125 888 4179 fit
905 4131 932 4179 et
948 4125 1029 4178 finem
1046 4125 1174 4195 ejusdem,

57 4200 83 4248 et
109 4211 286 4319 qucgcunquc
310 4202 373 4251 sunt
412 4197 523 4264 propter
546 4195 605 4249 hoo.
642 4193 749 4248 Netum
766 4197 857 4249 autem
881 4193 943 4248 finis
970 4199 1024 4258 est,
1048 4198 1076 4248 et
1098 4195 1175 4265 cujus

54 4279 139 4321 ceusu
175 4271 203 4318 t‘
