2940 5040
570 343 854 405 Puuuuuottuua.
1218 337 1280 405 v'ss·

152 527 280 613 apertos
308 516 378 611 ejus
407 544 534 592 errores
560 517 623 619 (ex.
660 521 744 616 gul
778 547 848 618 cap.
877 521 898 593 o
934 522 991 594 liu.
1033 522 1090 614 17)
1118 526 1269 596 correxit.

152 642 330 716 Rarissime
365 647 555 738 lectionem,
596 674 656 744 ope
694 661 839 721 textuum
873 649 913 720 ab
940 650 1011 745 ipso
1038 627 1169 723 auctore
1196 651 1272 723 alle·

153 783 320 866 gaiorum,
358 775 533 845 emendare
568 776 672 846 editor
701 787 836 850 conatus
862 801 933 848 esse
960 777 1086 849 videtur
1123 779 1183 873 (ex.
1217 803 1267 872 gr.

152 898 192 968 lll
231 924 300 995 cap.
341 900 356 968 1
404 901 460 972 lin.
489 901 555 991 29,
587 903 644 975 lin.
681 904 729 975 44
763 914 795 975 et
829 899 910 1002 45);
944 926 1049 999 neque
1083 914 1200 979 tamen,
1225 906 1269 975 al·

152 1037 217 1098 tera
252 1052 291 1098 ex
334 1040 423 1122 parte
456 1027 576 1100 desunt
607 1054 757 1102 errorum
792 1055 949 1102 novorum
984 1055 1001 1102 a
1035 1032 1268 1126 posterioribus

152 1155 331 1226 editoribus
357 1156 569 1251 repetiturum
595 1157 756 1253 exempla,
781 1169 817 1229 ut
834 1157 906 1231 Lib.
925 1156 952 1227 ll
978 1181 1047 1253 cap.
1071 1158 1115 1235 tu
1134 1159 1198 1239 lin.
1220 1160 1267 1230 52

153 1283 317 1377 pupiles
345 1305 402 1376 pro
431 1284 613 1377 pugiles,
646 1295 678 1354 et
716 1309 785 1380 cap.
817 1284 861 1355 12
892 1285 952 1366 lin.
979 1283 1002 1356 3
1032 1285 1181 1359 misere
1209 1310 1267 1380 pro

153 1410 332 1480 miseret.
413 1454 416 1459 <
1106 1384 1108 1390 Ι
1170 1486 1173 1491 ,

255 1537 343 1620 Quae
370 1547 551 1633 sequuntur
578 1537 718 1611 Venetae
745 1539 921 1630 editiones,
947 1561 1084 1634 quarum
1112 1551 1179 1617 tres
1204 1536 1269 1609 Au·

152 1689 267 1736 remus
286 1663 405 1754 me,
430 1665 628 1758 reliquarum
655 1690 753 1740 unam
771 1665 858 1738 idem
877 1665 1063 1756 Pisouaurs,
1087 1687 1184 1761 quem
1199 1662 1267 1758 jam

154 1792 335 1882 nominavi,
367 1791 518 1882 alteram,
556 1817 693 1887 eamque
727 1794 876 1864 omnium
910 1793 1103 1889 pessimam,
1142 1790 1268 1865 Purnus

152 1915 297 1990 Garrrus
331 1919 506 2012 evulgavit,
539 1918 577 1989 ad
613 1920 736 1992 literam
773 1921 943 1992 inhaerent
975 1918 1118 2013 vestigiis
1144 1919 1268 2014 primae

153 2044 250 2136 illius,
269 2069 350 2140 quae
369 2046 516 2141 Pasquali
535 2046 681 2136 debetur,
700 2070 802 2120 novos
820 2069 949 2117 errores
967 2045 1125 2121 tralatitiis
1145 2047 1266 2140 passim

151 2171 358 2266 adjicientes,
391 2173 478 2245 velut
504 2172 608 2263 Zatta,
641 2199 743 2268 quum
777 2174 831 2246 lib.
859 2172 897 2243 ll.
925 2171 984 2244 lin.
1014 2172 1061 2242 20
1090 2195 1148 2268 pro
1175 2197 1269 2267 por·

152 2300 337 2372 tenderit
369 2300 518 2371 exhibeat
544 2300 818 2395 protenderit.
883 2299 976 2377 Unus
1002 2298 1152 2371 omnium
1179 2298 1268 2371 Zatta

153 2451 275 2498 novum
304 2428 342 2498 ad
371 2437 477 2498 textus
505 2427 769 2501 emendationem
797 2421 935 2502 eontulit
960 2426 1162 2517 subsidium,
1193 2436 1269 2522 puta

150 2555 254 2625 varias
278 2555 490 2650 manuscripti
517 2553 685 2648 eujusdam
714 2556 834 2626 eodieis
861 2556 1028 2641 lectiones,
1054 2577 1132 2649 quas
1160 2565 1268 2627 tamen

151 2706 286 2772 omnes,
312 2682 549 2778 quantumlibet
576 2683 703 2777 probas,
734 2684 767 2754 in
796 2692 887 2754 notas
914 2680 1035 2776 rejecit.
1089 2681 1151 2766 Qui
1178 2681 1270 2772 liber,

150 2808 245 2903 eujus
272 2810 384 2880 aetatis
412 2810 463 2901 sit,
489 2820 521 2879 et
547 2809 601 2883 ubi
625 2821 780 2900 servetur,
808 2833 848 2880 ne
877 2809 972 2880 verbo
999 2808 1129 2905 quidem
1150 2808 1270 2881 indicat

151 2937 267 3009 editor.
313 2936 371 3007 Vix
399 2948 507 3008 autem
535 2939 714 3009 accuratior
740 2938 863 3009 codicis
888 2936 1130 3010 Felinensis
1157 2938 1268 3010 notitia

151 3065 190 3137 ad
227 3088 281 3135 me
315 3072 513 3159 pervenerat,
547 3089 647 3159 quum
676 3089 714 3135 ex
742 3088 780 3134 eo
808 3064 1007 3136 lectionesa
1034 3064 1122 3142 Zatta
1150 3064 1269 3160 publici

148 3191 232 3287 juris
265 3193 364 3262 lactas
400 3216 530 3261 manare
564 3191 704 3261 intellexi
717 3188 761 3288 2),
800 3192 884 3286 quod
920 3192 1167 3287 diligentissima
1201 3189 1270 3284 ejus

151 3320 224 3392 libri
259 3319 387 3390 collatio
423 3328 510 3388 extra
544 3318 680 3389 dubium
715 3321 840 3414 posuit,
872 3318 946 3389 licet
978 3320 1077 3414 longe
1113 3315 1268 3411 majorem

152 3447 344 3518 variantium
382 3469 555 3517 numerum
584 3445 727 3517 Venetus
765 3446 869 3516 editor
902 3445 1031 3517 silentio
1060 3446 1271 3542 praeterierit,

151 3585 184 3645 et
219 3573 393 3645 nonnullas
425 3575 520 3645 etiam
549 3597 685 3646 erronee
713 3573 950 3665 indicaverit.³)
994 3572 1146 3668 Elegans,
1172 3597 1269 3670 quam

238 3784 259 3847 ²)
277 3781 349 3836 Vide
359 3783 507 3847 „Codicum
527 3779 685 3835 elenchum‘
705 3783 815 3834 nostrae
833 3781 906 3834 tertii
924 3780 985 3836 libri
1002 3781 1085 3851 hujus
1103 3779 1193 3850 operia
1212 3779 1273 3835 edi-

151 3875 234 3941 tioni,
258 3890 339 3943 quam
363 3877 399 3929 ad
425 3875 589 3930 eelebrauda
606 3872 739 3928 solemnia
757 3873 810 3928 diei
828 3873 914 3928 XXII.
932 3890 967 3928 m.
985 3873 1077 3929 Martii
1096 3878 1159 3930 iuti
1180 3872 1273 3943 publi-

151 3969 283 4034 cavimus,
301 3968 487 4036 praemissum.

239 4063 261 4122 ³)
277 4061 336 4116 Lib.
355 4062 368 4116 l
386 4077 445 4130 cap.
467 4067 475 4114 t
498 4060 576 4115 lini
605 4060 668 4114 eod.
688 4059 785 4114 Pelia:
816 4076 881 4114 nou
900 4059 987 4114 euim
1007 4064 1062 4114 est
1080 4060 1218 4128 lignum.
1239 4085 1273 4106 =

152 4155 244 4210 Zatta:
275 4170 414 4209 nonen.
446 4160 500 4208 est
530 4153 677 4221 signum.
712 4153 772 4208 Lib.
797 4153 824 4206 11
848 4168 906 4221 cap.
934 4159 948 4207 5
982 4153 1029 4207 lin.
1056 4158 1088 4207 56
1131 4168 1154 4207 o.
1178 4152 1271 4208 Folius

152 4248 366 4304 subditurus
399 4253 479 4316 post
514 4247 631 4302 boves.
659 4276 692 4286 -
724 4245 815 4300 Zatta:
852 4247 1017 4302 subditur
1047 4251 1130 4313 post
1156 4246 1271 4302 boves.
