<?xml version="1.0" encoding="UTF-8"?>
<!DOCTYPE html PUBLIC "-//W3C//DTD XHTML 1.0 Transitional//EN"
    "http://www.w3.org/TR/xhtml1/DTD/xhtml1-transitional.dtd">
<html xmlns="http://www.w3.org/1999/xhtml" xml:lang="en" lang="en">
 <head>
  <title>
</title>
<meta http-equiv="Content-Type" content="text/html;charset=utf-8" />
  <meta name='ocr-system' content='tesseract 3.04.00' />
  <meta name='ocr-capabilities' content='ocr_page ocr_carea ocr_par ocr_line ocrx_word'/>
</head>
<body>
  <div class='ocr_page' id='page_1' title='image "./dantisalligheri01wittgoog_0023.png"; bbox 0 0 2940 5040; ppageno 0'>
   <div class='ocr_carea' id='block_1_1' title="bbox 151 338 852 395">
    <p class='ocr_par' dir='ltr' id='par_1_1' title="bbox 151 338 852 395">
     <span class='ocr_line' id='line_1_1' title="bbox 151 338 852 395; baseline 0.001 -3"><span class='ocrx_word' id='word_1_1' title='bbox 151 339 215 394; x_wconf 80' lang='lat' dir='ltr'><strong>xlv</strong></span> <span class='ocrx_word' id='word_1_2' title='bbox 572 338 852 395; x_wconf 77' lang='lat' dir='ltr'><strong>Pnuuuuuuumt</strong></span> 
     </span>
    </p>
   </div>
   <div class='ocr_carea' id='block_1_2' title="bbox 311 644 1108 711">
    <p class='ocr_par' dir='ltr' id='par_1_2' title="bbox 311 644 1108 711">
     <span class='ocr_line' id='line_1_2' title="bbox 311 644 1108 711; baseline 0 -12"><span class='ocrx_word' id='word_1_3' title='bbox 311 644 451 708; x_wconf 69' lang='lat' dir='ltr'><strong>nostru,</strong></span> <span class='ocrx_word' id='word_1_4' title='bbox 469 644 561 700; x_wconf 69' lang='lat' dir='ltr'><strong>Post</strong></span> <span class='ocrx_word' id='word_1_5' title='bbox 579 644 746 700; x_wconf 85' lang='lat' dir='ltr'><strong>ALIORUM</strong></span> <span class='ocrx_word' id='word_1_6' title='bbox 764 644 912 711; x_wconf 83' lang='lat' dir='ltr'><strong>STUDIA,</strong></span> <span class='ocrx_word' id='word_1_7' title='bbox 929 644 1108 701; x_wconf 81' lang='lat' dir='ltr'><strong>CONATUS.</strong></span> 
     </span>
    </p>
   </div>
   <div class='ocr_carea' id='block_1_3' title="bbox 83 824 1269 3719">
    <p class='ocr_par' dir='ltr' id='par_1_3' title="bbox 151 824 1269 1936">
     <span class='ocr_line' id='line_1_3' title="bbox 254 824 1264 924; baseline 0.005 -28"><span class='ocrx_word' id='word_1_8' title='bbox 254 824 326 899; x_wconf 88' lang='lat' dir='ltr'><strong>[luo</strong></span> <span class='ocrx_word' id='word_1_9' title='bbox 346 851 420 924; x_wconf 85' lang='lat' dir='ltr'><strong>prae</strong></span> <span class='ocrx_word' id='word_1_10' title='bbox 447 829 580 899; x_wconf 87' lang='lat' dir='ltr'><strong>caeteris</strong></span> <span class='ocrx_word' id='word_1_11' title='bbox 608 828 717 898; x_wconf 82' lang='lat' dir='ltr'><strong>officio</strong></span> <span class='ocrx_word' id='word_1_12' title='bbox 744 824 823 921; x_wconf 81' lang='lat' dir='ltr'><strong>ejus,</strong></span> <span class='ocrx_word' id='word_1_13' title='bbox 841 829 894 922; x_wconf 93' lang='lat' dir='ltr'><strong>qui</strong></span> <span class='ocrx_word' id='word_1_14' title='bbox 914 828 1026 900; x_wconf 86' lang='lat' dir='ltr'><strong>Dantis</strong></span> <span class='ocrx_word' id='word_1_15' title='bbox 1045 827 1264 901; x_wconf 86' lang='lat' dir='ltr'><strong>Monarchiam</strong></span> 
     </span>
     <span class='ocr_line' id='line_1_4' title="bbox 153 952 1266 1050; baseline 0.005 -28"><span class='ocrx_word' id='word_1_16' title='bbox 153 952 248 1024; x_wconf 87' lang='lat' dir='ltr'><strong>edere</strong></span> <span class='ocrx_word' id='word_1_17' title='bbox 276 964 308 1024; x_wconf 89' lang='lat' dir='ltr'><strong>et</strong></span> <span class='ocrx_word' id='word_1_18' title='bbox 334 954 494 1026; x_wconf 88' lang='lat' dir='ltr'><strong>illustrare</strong></span> <span class='ocrx_word' id='word_1_19' title='bbox 521 955 645 1045; x_wconf 90' lang='lat' dir='ltr'><strong>studet,</strong></span> <span class='ocrx_word' id='word_1_20' title='bbox 681 955 841 1026; x_wconf 72' lang='lat' dir='ltr'><strong>contineri</strong></span> <span class='ocrx_word' id='word_1_21' title='bbox 874 965 970 1050; x_wconf 88' lang='lat' dir='ltr'><strong>puto:</strong></span> <span class='ocrx_word' id='word_1_22' title='bbox 1015 969 1051 1027; x_wconf 92' lang='grc' dir='ltr'><strong>ιιι</strong></span> <span class='ocrx_word' id='word_1_23' title='bbox 1077 957 1266 1046; x_wconf 82' lang='lat' dir='ltr'><strong>textumab</strong></span> 
     </span>
     <span class='ocr_line' id='line_1_5' title="bbox 151 1081 1269 1177; baseline 0.004 -28"><span class='ocrx_word' id='word_1_24' title='bbox 151 1082 405 1153; x_wconf 83' lang='lat' dir='ltr'><strong>amanuensibus</strong></span> <span class='ocrx_word' id='word_1_25' title='bbox 439 1092 627 1177; x_wconf 87' lang='lat' dir='ltr'><strong>corruptum</strong></span> <span class='ocrx_word' id='word_1_26' title='bbox 663 1082 702 1152; x_wconf 88' lang='lat' dir='ltr'><strong>ab</strong></span> <span class='ocrx_word' id='word_1_27' title='bbox 738 1081 903 1153; x_wconf 87' lang='lat' dir='ltr'><strong>erroribus</strong></span> <span class='ocrx_word' id='word_1_28' title='bbox 931 1106 1084 1177; x_wconf 82' lang='lat' dir='ltr'><strong>purgans,</strong></span> <span class='ocrx_word' id='word_1_29' title='bbox 1118 1084 1155 1154; x_wconf 88' lang='lat' dir='ltr'><strong>ad</strong></span> <span class='ocrx_word' id='word_1_30' title='bbox 1186 1084 1269 1154; x_wconf 89' lang='lat' dir='ltr'><strong>inte-</strong></span> 
     </span>
     <span class='ocr_line' id='line_1_6' title="bbox 152 1207 1266 1300; baseline 0.004 -24"><span class='ocrx_word' id='word_1_31' title='bbox 152 1207 300 1300; x_wconf 78' lang='lat' dir='ltr'><strong>gnitatem</strong></span> <span class='ocrx_word' id='word_1_32' title='bbox 322 1233 397 1279; x_wconf 92' lang='lat' dir='ltr'><strong>eum</strong></span> <span class='ocrx_word' id='word_1_33' title='bbox 415 1209 570 1299; x_wconf 85' lang='lat' dir='ltr'><strong>restituat,</strong></span> <span class='ocrx_word' id='word_1_34' title='bbox 592 1219 624 1279; x_wconf 91' lang='lat' dir='ltr'><strong>et</strong></span> <span class='ocrx_word' id='word_1_35' title='bbox 642 1221 677 1280; x_wconf 90' lang='lat' dir='ltr'><strong>ut</strong></span> <span class='ocrx_word' id='word_1_36' title='bbox 696 1209 865 1280; x_wconf 79' lang='lat' dir='ltr'><strong>obscurius</strong></span> <span class='ocrx_word' id='word_1_37' title='bbox 885 1209 1045 1280; x_wconf 87' lang='lat' dir='ltr'><strong>dictorum</strong></span> <span class='ocrx_word' id='word_1_38' title='bbox 1065 1211 1266 1282; x_wconf 89' lang='lat' dir='ltr'><strong>intellectum</strong></span> 
     </span>
     <span class='ocr_line' id='line_1_7' title="bbox 153 1333 1265 1433; baseline 0.006 -32"><span class='ocrx_word' id='word_1_39' title='bbox 153 1333 327 1405; x_wconf 88' lang='lat' dir='ltr'><strong>lectoribus</strong></span> <span class='ocrx_word' id='word_1_40' title='bbox 366 1336 496 1430; x_wconf 73' lang='lat' dir='ltr'><strong>alienat.</strong></span> <span class='ocrx_word' id='word_1_41' title='bbox 550 1335 674 1407; x_wconf 88' lang='lat' dir='ltr'><strong>llorum</strong></span> <span class='ocrx_word' id='word_1_42' title='bbox 718 1335 823 1408; x_wconf 95' lang='lat' dir='ltr'><strong>illud</strong></span> <span class='ocrx_word' id='word_1_43' title='bbox 868 1336 1017 1407; x_wconf 89' lang='lat' dir='ltr'><strong>nonnulli</strong></span> <span class='ocrx_word' id='word_1_44' title='bbox 1056 1360 1169 1407; x_wconf 89' lang='lat' dir='ltr'><strong>eorum</strong></span> <span class='ocrx_word' id='word_1_45' title='bbox 1210 1338 1265 1433; x_wconf 87' lang='lat' dir='ltr'><strong>qui</strong></span> 
     </span>
     <span class='ocr_line' id='line_1_8' title="bbox 154 1460 1263 1558; baseline 0.005 -29"><span class='ocrx_word' id='word_1_46' title='bbox 154 1460 214 1529; x_wconf 86' lang='lat' dir='ltr'><strong>hoc</strong></span> <span class='ocrx_word' id='word_1_47' title='bbox 243 1485 378 1532; x_wconf 87' lang='lat' dir='ltr'><strong>munere</strong></span> <span class='ocrx_word' id='word_1_48' title='bbox 406 1462 561 1533; x_wconf 88' lang='lat' dir='ltr'><strong>hacteuus</strong></span> <span class='ocrx_word' id='word_1_49' title='bbox 589 1464 691 1534; x_wconf 81' lang='lat' dir='ltr'><strong>iuncti</strong></span> <span class='ocrx_word' id='word_1_50' title='bbox 719 1474 811 1554; x_wconf 91' lang='lat' dir='ltr'><strong>sunt,</strong></span> <span class='ocrx_word' id='word_1_51' title='bbox 840 1474 1005 1536; x_wconf 85' lang='lat' dir='ltr'><strong>tentarunt</strong></span> <span class='ocrx_word' id='word_1_52' title='bbox 1031 1464 1180 1558; x_wconf 87' lang='lat' dir='ltr'><strong>quidem,</strong></span> <span class='ocrx_word' id='word_1_53' title='bbox 1208 1464 1263 1535; x_wconf 91' lang='lat' dir='ltr'><strong>sed</strong></span> 
     </span>
     <span class='ocr_line' id='line_1_9' title="bbox 154 1589 1268 1685; baseline 0.004 -28"><span class='ocrx_word' id='word_1_54' title='bbox 154 1597 189 1658; x_wconf 88' lang='grc' dir='ltr'><strong>ιιι</strong></span> <span class='ocrx_word' id='word_1_55' title='bbox 222 1589 387 1682; x_wconf 88' lang='lat' dir='ltr'><strong>assequuti</strong></span> <span class='ocrx_word' id='word_1_56' title='bbox 420 1590 502 1681; x_wconf 88' lang='lat' dir='ltr'><strong>sint,</strong></span> <span class='ocrx_word' id='word_1_57' title='bbox 534 1601 661 1660; x_wconf 88' lang='lat' dir='ltr'><strong>tantum</strong></span> <span class='ocrx_word' id='word_1_58' title='bbox 695 1591 799 1681; x_wconf 87' lang='lat' dir='ltr'><strong>abest,</strong></span> <span class='ocrx_word' id='word_1_59' title='bbox 833 1600 868 1660; x_wconf 90' lang='lat' dir='ltr'><strong>ut</strong></span> <span class='ocrx_word' id='word_1_60' title='bbox 901 1592 1025 1685; x_wconf 83' lang='lat' dir='ltr'><strong>primos</strong></span> <span class='ocrx_word' id='word_1_61' title='bbox 1062 1591 1182 1685; x_wconf 84' lang='lat' dir='ltr'><strong>gradus</strong></span> <span class='ocrx_word' id='word_1_62' title='bbox 1209 1616 1268 1662; x_wconf 90' lang='lat' dir='ltr'><strong>eos</strong></span> 
     </span>
     <span class='ocr_line' id='line_1_10' title="bbox 152 1715 1267 1813; baseline 0.004 -29"><span class='ocrx_word' id='word_1_63' title='bbox 152 1736 324 1808; x_wconf 80' lang='lat' dir='ltr'>superasse</span> <span class='ocrx_word' id='word_1_64' title='bbox 350 1715 400 1786; x_wconf 84' lang='lat' dir='ltr'><strong>vix</strong></span> <span class='ocrx_word' id='word_1_65' title='bbox 427 1715 489 1787; x_wconf 91' lang='lat' dir='ltr'><strong>dici</strong></span> <span class='ocrx_word' id='word_1_66' title='bbox 518 1718 638 1813; x_wconf 79' lang='lat' dir='ltr'><strong>possit3</strong></span> <span class='ocrx_word' id='word_1_67' title='bbox 666 1719 740 1788; x_wconf 90' lang='lat' dir='ltr'><strong>hoc</strong></span> <span class='ocrx_word' id='word_1_68' title='bbox 765 1742 839 1787; x_wconf 88' lang='lat' dir='ltr'><strong>vero</strong></span> <span class='ocrx_word' id='word_1_69' title='bbox 858 1720 993 1809; x_wconf 88' lang='lat' dir='ltr'><strong>omnino</strong></span> <span class='ocrx_word' id='word_1_70' title='bbox 1013 1719 1169 1789; x_wconf 87' lang='lat' dir='ltr'><strong>intactum</strong></span> <span class='ocrx_word' id='word_1_71' title='bbox 1194 1718 1267 1789; x_wconf 86' lang='lat' dir='ltr'><strong>reli·</strong></span> 
     </span>
     <span class='ocr_line' id='line_1_11' title="bbox 151 1852 301 1936; baseline -0.007 -24"><span class='ocrx_word' id='word_1_72' title='bbox 151 1852 301 1936; x_wconf 90' lang='lat' dir='ltr'><strong>querunt.</strong></span> 
     </span>
    </p>

    <p class='ocr_par' dir='ltr' id='par_1_4' title="bbox 83 1970 1269 3719">
     <span class='ocr_line' id='line_1_12' title="bbox 255 1970 1268 2068; baseline 0.001 -26"><span class='ocrx_word' id='word_1_73' title='bbox 255 1970 481 2042; x_wconf 87' lang='lat' dir='ltr'><strong>Subsidiorum</strong></span> <span class='ocrx_word' id='word_1_74' title='bbox 524 1970 562 2040; x_wconf 91' lang='lat' dir='ltr'><strong>ad</strong></span> <span class='ocrx_word' id='word_1_75' title='bbox 604 1971 866 2044; x_wconf 81' lang='lat' dir='ltr'><strong>emendationem</strong></span> <span class='ocrx_word' id='word_1_76' title='bbox 911 1980 1014 2042; x_wconf 88' lang='lat' dir='ltr'><strong>textus</strong></span> <span class='ocrx_word' id='word_1_77' title='bbox 1048 1971 1142 2042; x_wconf 90' lang='lat' dir='ltr'><strong>nobis</strong></span> <span class='ocrx_word' id='word_1_78' title='bbox 1175 1997 1268 2068; x_wconf 86' lang='lat' dir='ltr'><strong>para·</strong></span> 
     </span>
     <span class='ocr_line' id='line_1_13' title="bbox 153 2096 1267 2194; baseline 0 -24"><span class='ocrx_word' id='word_1_79' title='bbox 153 2112 259 2170; x_wconf 85' lang='lat' dir='ltr'><strong>torum</strong></span> <span class='ocrx_word' id='word_1_80' title='bbox 289 2097 464 2194; x_wconf 84' lang='lat' dir='ltr'><strong>suppellex,</strong></span> <span class='ocrx_word' id='word_1_81' title='bbox 491 2097 565 2169; x_wconf 90' lang='lat' dir='ltr'><strong>licet</strong></span> <span class='ocrx_word' id='word_1_82' title='bbox 591 2122 657 2169; x_wconf 89' lang='lat' dir='ltr'><strong>non</strong></span> <span class='ocrx_word' id='word_1_83' title='bbox 686 2122 781 2194; x_wconf 88' lang='lat' dir='ltr'><strong>parca</strong></span> <span class='ocrx_word' id='word_1_84' title='bbox 798 2101 850 2188; x_wconf 88' lang='lat'><strong>¹¹),</strong></span> <span class='ocrx_word' id='word_1_85' title='bbox 877 2096 946 2192; x_wconf 84' lang='lat' dir='ltr'><strong>ejus</strong></span> <span class='ocrx_word' id='word_1_86' title='bbox 973 2109 1022 2169; x_wconf 91' lang='lat' dir='ltr'><strong>est</strong></span> <span class='ocrx_word' id='word_1_87' title='bbox 1049 2107 1198 2189; x_wconf 88' lang='lat' dir='ltr'><strong>naturae,</strong></span> <span class='ocrx_word' id='word_1_88' title='bbox 1231 2110 1267 2170; x_wconf 92' lang='grc' dir='ltr'><strong>ιιι</strong></span> 
     </span>
     <span class='ocr_line' id='line_1_14' title="bbox 152 2225 1267 2322; baseline 0 -25"><span class='ocrx_word' id='word_1_89' title='bbox 152 2226 357 2322; x_wconf 88' lang='lat' dir='ltr'><strong>quantumvis</strong></span> <span class='ocrx_word' id='word_1_90' title='bbox 375 2226 564 2317; x_wconf 88' lang='lat' dir='ltr'><strong>examinata,</strong></span> <span class='ocrx_word' id='word_1_91' title='bbox 592 2249 743 2320; x_wconf 85' lang='lat' dir='ltr'><strong>magnam</strong></span> <span class='ocrx_word' id='word_1_92' title='bbox 763 2225 949 2315; x_wconf 91' lang='lat' dir='ltr'><strong>dubiorum,</strong></span> <span class='ocrx_word' id='word_1_93' title='bbox 974 2225 1106 2320; x_wconf 89' lang='lat' dir='ltr'><strong>quaein</strong></span> <span class='ocrx_word' id='word_1_94' title='bbox 1126 2225 1267 2320; x_wconf 80' lang='lat' dir='ltr'><strong>legendo</strong></span> 
     </span>
     <span class='ocr_line' id='line_1_15' title="bbox 154 2351 1264 2448; baseline -0.001 -24"><span class='ocrx_word' id='word_1_95' title='bbox 154 2377 213 2425; x_wconf 92' lang='lat' dir='ltr'><strong>nos</strong></span> <span class='ocrx_word' id='word_1_96' title='bbox 239 2352 417 2442; x_wconf 85' lang='lat' dir='ltr'><strong>offendunt,</strong></span> <span class='ocrx_word' id='word_1_97' title='bbox 447 2360 582 2447; x_wconf 81' lang='lat' dir='ltr'><strong>partem,</strong></span> <span class='ocrx_word' id='word_1_98' title='bbox 608 2353 757 2448; x_wconf 82' lang='lat' dir='ltr'><strong>expedire</strong></span> <span class='ocrx_word' id='word_1_99' title='bbox 787 2376 850 2422; x_wconf 94' lang='lat' dir='ltr'><strong>non</strong></span> <span class='ocrx_word' id='word_1_100' title='bbox 880 2352 989 2422; x_wconf 89' lang='lat' dir='ltr'><strong>valcat.</strong></span> <span class='ocrx_word' id='word_1_101' title='bbox 1026 2351 1147 2422; x_wconf 84' lang='lat' dir='ltr'><strong>Tantae</strong></span> <span class='ocrx_word' id='word_1_102' title='bbox 1175 2356 1264 2424; x_wconf 88' lang='lat' dir='ltr'><strong>enim</strong></span> 
     </span>
     <span class='ocr_line' id='line_1_16' title="bbox 153 2479 1266 2575; baseline -0.002 -23"><span class='ocrx_word' id='word_1_103' title='bbox 153 2483 285 2552; x_wconf 85' lang='lat' dir='ltr'><strong>luerunt</strong></span> <span class='ocrx_word' id='word_1_104' title='bbox 317 2502 550 2569; x_wconf 88' lang='lat' dir='ltr'><strong>amanuenses,</strong></span> <span class='ocrx_word' id='word_1_105' title='bbox 591 2479 661 2573; x_wconf 88' lang='lat' dir='ltr'><strong>qui,</strong></span> <span class='ocrx_word' id='word_1_106' title='bbox 695 2504 776 2575; x_wconf 88' lang='lat' dir='ltr'><strong>quos</strong></span> <span class='ocrx_word' id='word_1_107' title='bbox 810 2480 872 2550; x_wconf 88' lang='lat' dir='ltr'><strong>fata</strong></span> <span class='ocrx_word' id='word_1_108' title='bbox 907 2479 1001 2549; x_wconf 89' lang='lat' dir='ltr'><strong>nobis</strong></span> <span class='ocrx_word' id='word_1_109' title='bbox 1037 2480 1266 2574; x_wconf 81' lang='lat' dir='ltr'><strong>permiserunt,</strong></span> 
     </span>
     <span class='ocr_line' id='line_1_17' title="bbox 152 2605 1264 2700; baseline -0.001 -21"><span class='ocrx_word' id='word_1_110' title='bbox 152 2607 279 2679; x_wconf 89' lang='lat' dir='ltr'><strong>codices</strong></span> <span class='ocrx_word' id='word_1_111' title='bbox 309 2616 497 2694; x_wconf 85' lang='lat' dir='ltr'><strong>exararunt,</strong></span> <span class='ocrx_word' id='word_1_112' title='bbox 533 2605 750 2700; x_wconf 76' lang='lat' dir='ltr'><strong>negligentiae</strong></span> <span class='ocrx_word' id='word_1_113' title='bbox 778 2616 810 2677; x_wconf 90' lang='lat' dir='ltr'><strong>et</strong></span> <span class='ocrx_word' id='word_1_114' title='bbox 837 2605 1021 2696; x_wconf 82' lang='lat' dir='ltr'><strong>socordiae,</strong></span> <span class='ocrx_word' id='word_1_115' title='bbox 1056 2618 1089 2677; x_wconf 87' lang='lat' dir='ltr'><strong>ut</strong></span> <span class='ocrx_word' id='word_1_116' title='bbox 1117 2631 1191 2695; x_wconf 92' lang='lat' dir='ltr'><strong>eos,</strong></span> <span class='ocrx_word' id='word_1_117' title='bbox 1224 2608 1264 2678; x_wconf 90' lang='lat' dir='ltr'><strong>ad</strong></span> 
     </span>
     <span class='ocr_line' id='line_1_18' title="bbox 153 2732 1266 2824; baseline -0.002 -18"><span class='ocrx_word' id='word_1_118' title='bbox 153 2759 255 2806; x_wconf 92' lang='lat' dir='ltr'><strong>unum</strong></span> <span class='ocrx_word' id='word_1_119' title='bbox 285 2757 416 2823; x_wconf 93' lang='lat' dir='ltr'><strong>omnes,</strong></span> <span class='ocrx_word' id='word_1_120' title='bbox 442 2733 582 2803; x_wconf 87' lang='lat' dir='ltr'><strong>auctoris</strong></span> <span class='ocrx_word' id='word_1_121' title='bbox 610 2735 786 2804; x_wconf 89' lang='lat' dir='ltr'><strong>sententias</strong></span> <span class='ocrx_word' id='word_1_122' title='bbox 813 2732 892 2804; x_wconf 93' lang='lat' dir='ltr'><strong>dum</strong></span> <span class='ocrx_word' id='word_1_123' title='bbox 921 2733 1117 2824; x_wconf 87' lang='lat' dir='ltr'><strong>scriberent,</strong></span> <span class='ocrx_word' id='word_1_124' title='bbox 1155 2745 1266 2805; x_wconf 90' lang='lat' dir='ltr'><strong>mente</strong></span> 
     </span>
     <span class='ocr_line' id='line_1_19' title="bbox 151 2859 1268 2957; baseline 0.001 -25"><span class='ocrx_word' id='word_1_125' title='bbox 151 2861 278 2957; x_wconf 86' lang='lat' dir='ltr'><strong>assequi</strong></span> <span class='ocrx_word' id='word_1_126' title='bbox 298 2885 338 2930; x_wconf 92' lang='lat' dir='ltr'><strong>ne</strong></span> <span class='ocrx_word' id='word_1_127' title='bbox 358 2860 489 2954; x_wconf 92' lang='lat' dir='ltr'><strong>quidem</strong></span> <span class='ocrx_word' id='word_1_128' title='bbox 510 2863 601 2930; x_wconf 85' lang='lat' dir='ltr'><strong>nixos</strong></span> <span class='ocrx_word' id='word_1_129' title='bbox 620 2884 701 2951; x_wconf 91' lang='lat' dir='ltr'><strong>esse,</strong></span> <span class='ocrx_word' id='word_1_130' title='bbox 728 2860 782 2931; x_wconf 89' lang='lat' dir='ltr'><strong>sed</strong></span> <span class='ocrx_word' id='word_1_131' title='bbox 811 2859 850 2931; x_wconf 92' lang='lat' dir='ltr'><strong>de</strong></span> <span class='ocrx_word' id='word_1_132' title='bbox 879 2860 1044 2956; x_wconf 82' lang='lat' dir='ltr'><strong>quibusvis</strong></span> <span class='ocrx_word' id='word_1_133' title='bbox 1070 2861 1140 2932; x_wconf 95' lang='lat' dir='ltr'><strong>aliis</strong></span> <span class='ocrx_word' id='word_1_134' title='bbox 1168 2862 1268 2932; x_wconf 87' lang='lat' dir='ltr'><strong>rebus</strong></span> 
     </span>
     <span class='ocr_line' id='line_1_20' title="bbox 150 2987 1269 3083; baseline 0.002 -26"><span class='ocrx_word' id='word_1_135' title='bbox 150 2989 319 3083; x_wconf 83' lang='lat' dir='ltr'><strong>vigilantes</strong></span> <span class='ocrx_word' id='word_1_136' title='bbox 342 2988 533 3078; x_wconf 84' lang='lat' dir='ltr'><strong>somniasse,</strong></span> <span class='ocrx_word' id='word_1_137' title='bbox 551 2987 725 3058; x_wconf 88' lang='lat' dir='ltr'><strong>dicendum</strong></span> <span class='ocrx_word' id='word_1_138' title='bbox 745 2989 796 3058; x_wconf 88' lang='lat' dir='ltr'><strong>sit.</strong></span> <span class='ocrx_word' id='word_1_139' title='bbox 840 2987 875 3058; x_wconf 93' lang='lat' dir='ltr'><strong>ln</strong></span> <span class='ocrx_word' id='word_1_140' title='bbox 896 2988 1005 3083; x_wconf 86' lang='lat' dir='ltr'><strong>quavis</strong></span> <span class='ocrx_word' id='word_1_141' title='bbox 1024 2988 1111 3058; x_wconf 91' lang='lat' dir='ltr'><strong>enim</strong></span> <span class='ocrx_word' id='word_1_142' title='bbox 1137 2989 1269 3083; x_wconf 83' lang='lat' dir='ltr'><strong>pagina,</strong></span> 
     </span>
     <span class='ocr_line' id='line_1_21' title="bbox 150 3115 1269 3211; baseline 0 -25"><span class='ocrx_word' id='word_1_143' title='bbox 150 3117 198 3188; x_wconf 91' lang='lat' dir='ltr'><strong>vel</strong></span> <span class='ocrx_word' id='word_1_144' title='bbox 217 3138 309 3211; x_wconf 89' lang='lat' dir='ltr'><strong>quae,</strong></span> <span class='ocrx_word' id='word_1_145' title='bbox 336 3125 372 3184; x_wconf 92' lang='lat' dir='ltr'><strong>ut</strong></span> <span class='ocrx_word' id='word_1_146' title='bbox 390 3115 483 3210; x_wconf 90' lang='lat' dir='ltr'><strong>plena</strong></span> <span class='ocrx_word' id='word_1_147' title='bbox 501 3115 614 3186; x_wconf 85' lang='lat' dir='ltr'><strong>existat</strong></span> <span class='ocrx_word' id='word_1_148' title='bbox 632 3115 743 3205; x_wconf 88' lang='lat' dir='ltr'><strong>oratio,</strong></span> <span class='ocrx_word' id='word_1_149' title='bbox 768 3115 881 3185; x_wconf 88' lang='lat' dir='ltr'><strong>abesse</strong></span> <span class='ocrx_word' id='word_1_150' title='bbox 901 3126 1075 3209; x_wconf 89' lang='lat' dir='ltr'><strong>nequeunt,</strong></span> <span class='ocrx_word' id='word_1_151' title='bbox 1089 3116 1269 3207; x_wconf 89' lang='lat' dir='ltr'><strong>omittunt,</strong></span> 
     </span>
     <span class='ocr_line' id='line_1_22' title="bbox 152 3241 1268 3336; baseline 0.002 -24"><span class='ocrx_word' id='word_1_152' title='bbox 152 3244 198 3314; x_wconf 87' lang='lat' dir='ltr'><strong>vel</strong></span> <span class='ocrx_word' id='word_1_153' title='bbox 233 3251 379 3312; x_wconf 85' lang='lat' dir='ltr'><strong>monstra</strong></span> <span class='ocrx_word' id='word_1_154' title='bbox 410 3241 594 3334; x_wconf 85' lang='lat' dir='ltr'><strong>verborum,</strong></span> <span class='ocrx_word' id='word_1_155' title='bbox 627 3253 660 3314; x_wconf 88' lang='lat' dir='ltr'><strong>ct</strong></span> <span class='ocrx_word' id='word_1_156' title='bbox 692 3242 867 3313; x_wconf 88' lang='lat' dir='ltr'><strong>sententias</strong></span> <span class='ocrx_word' id='word_1_157' title='bbox 896 3242 1008 3336; x_wconf 89' lang='lat' dir='ltr'><strong>quovis</strong></span> <span class='ocrx_word' id='word_1_158' title='bbox 1042 3265 1141 3314; x_wconf 88' lang='lat' dir='ltr'><strong>sensu</strong></span> <span class='ocrx_word' id='word_1_159' title='bbox 1169 3243 1268 3314; x_wconf 88' lang='lat' dir='ltr'><strong>desti·</strong></span> 
     </span>
     <span class='ocr_line' id='line_1_23' title="bbox 151 3360 1269 3457; baseline 0 -17"><span class='ocrx_word' id='word_1_160' title='bbox 151 3379 234 3440; x_wconf 88' lang='lat' dir='ltr'><strong>tutas</strong></span> <span class='ocrx_word' id='word_1_161' title='bbox 253 3367 415 3457; x_wconf 82' lang='lat' dir='ltr'><strong>exhibent,</strong></span> <span class='ocrx_word' id='word_1_162' title='bbox 441 3369 526 3440; x_wconf 93' lang='lat' dir='ltr'><strong>unde</strong></span> <span class='ocrx_word' id='word_1_163' title='bbox 553 3360 728 3441; x_wconf 84' lang='lat' dir='ltr'><strong>lectionum</strong></span> <span class='ocrx_word' id='word_1_164' title='bbox 758 3369 842 3439; x_wconf 88' lang='lat' dir='ltr'><strong>inter</strong></span> <span class='ocrx_word' id='word_1_165' title='bbox 869 3393 903 3439; x_wconf 86' lang='lat' dir='ltr'><strong>se</strong></span> <span class='ocrx_word' id='word_1_166' title='bbox 930 3369 1122 3440; x_wconf 78' lang='lat' dir='ltr'><strong>variantium</strong></span> <span class='ocrx_word' id='word_1_167' title='bbox 1150 3393 1269 3440; x_wconf 90' lang='lat' dir='ltr'><strong>nume·</strong></span> 
     </span>
     <span class='ocr_line' id='line_1_24' title="bbox 152 3494 1264 3568; baseline 0.002 -2"><span class='ocrx_word' id='word_1_168' title='bbox 152 3521 207 3566; x_wconf 87' lang='lat' dir='ltr'><strong>rus</strong></span> <span class='ocrx_word' id='word_1_169' title='bbox 234 3496 301 3566; x_wconf 84' lang='lat' dir='ltr'><strong>lere</strong></span> <span class='ocrx_word' id='word_1_170' title='bbox 328 3496 360 3566; x_wconf 95' lang='lat' dir='ltr'><strong>in</strong></span> <span class='ocrx_word' id='word_1_171' title='bbox 390 3495 551 3567; x_wconf 83' lang='lat' dir='ltr'><strong>infinitum</strong></span> <span class='ocrx_word' id='word_1_172' title='bbox 579 3497 688 3567; x_wconf 87' lang='lat' dir='ltr'><strong>crevit.</strong></span> <span class='ocrx_word' id='word_1_173' title='bbox 723 3494 889 3567; x_wconf 88' lang='lat' dir='ltr'><strong>Genuinas</strong></span> <span class='ocrx_word' id='word_1_174' title='bbox 917 3505 1061 3565; x_wconf 81' lang='lat' dir='ltr'><strong>extante</strong></span> <span class='ocrx_word' id='word_1_175' title='bbox 1087 3495 1264 3568; x_wconf 90' lang='lat' dir='ltr'><strong>lectionum</strong></span> 
     </span>
     <span class='ocr_line' id='line_1_25' title="bbox 83 3623 1264 3719; baseline 0.001 -26"><span class='ocrx_word' id='word_1_176' title='bbox 83 3685 86 3691; x_wconf 34' lang='lat' dir='ltr'><strong><em>s</em></strong></span> <span class='ocrx_word' id='word_1_177' title='bbox 151 3623 243 3718; x_wconf 88' lang='lat' dir='ltr'><strong>copia</strong></span> <span class='ocrx_word' id='word_1_178' title='bbox 269 3623 423 3718; x_wconf 78' lang='lat' dir='ltr'><strong>seligere,</strong></span> <span class='ocrx_word' id='word_1_179' title='bbox 450 3647 488 3692; x_wconf 93' lang='lat' dir='ltr'><strong>eo</strong></span> <span class='ocrx_word' id='word_1_180' title='bbox 516 3623 679 3694; x_wconf 81' lang='lat' dir='ltr'><strong>difficilius</strong></span> <span class='ocrx_word' id='word_1_181' title='bbox 707 3635 755 3694; x_wconf 91' lang='lat' dir='ltr'><strong>est</strong></span> <span class='ocrx_word' id='word_1_182' title='bbox 782 3647 874 3719; x_wconf 85' lang='lat' dir='ltr'><strong>opus,</strong></span> <span class='ocrx_word' id='word_1_183' title='bbox 902 3647 966 3718; x_wconf 90' lang='lat' dir='ltr'><strong>quo</strong></span> <span class='ocrx_word' id='word_1_184' title='bbox 995 3623 1103 3692; x_wconf 92' lang='lat' dir='ltr'><strong>minus</strong></span> <span class='ocrx_word' id='word_1_185' title='bbox 1131 3624 1187 3693; x_wconf 91' lang='lat' dir='ltr'><strong>uni</strong></span> <span class='ocrx_word' id='word_1_186' title='bbox 1215 3625 1264 3694; x_wconf 91' lang='lat' dir='ltr'><strong>vel</strong></span> 
     </span>
    </p>
   </div>
   <div class='ocr_carea' id='block_1_4' title="bbox 151 3844 352 3853">
    <p class='ocr_par' dir='ltr' id='par_1_5' title="bbox 151 3844 352 3853">
     <span class='ocr_line' id='line_1_26' title="bbox 151 3844 352 3853; baseline -0.005 -1"><span class='ocrx_word' id='word_1_187' title='bbox 151 3844 352 3853; x_wconf 69' lang='lat'><em>----———·-·</em></span> 
     </span>
    </p>
   </div>
   <div class='ocr_carea' id='block_1_5' title="bbox 149 3941 1265 4306">
    <p class='ocr_par' dir='ltr' id='par_1_6' title="bbox 149 3941 1265 4306">
     <span class='ocr_line' id='line_1_27' title="bbox 235 3941 1265 4035; baseline -0.003 -25"><span class='ocrx_word' id='word_1_188' title='bbox 235 3960 261 4022; x_wconf 85' lang='lat'><strong>¹¹)</strong></span> <span class='ocrx_word' id='word_1_189' title='bbox 279 3941 436 4010; x_wconf 85' lang='lat' dir='ltr'><strong>Basilius</strong></span> <span class='ocrx_word' id='word_1_190' title='bbox 446 3957 632 4035; x_wconf 81' lang='lat' dir='ltr'><strong>Heroldus,</strong></span> <span class='ocrx_word' id='word_1_191' title='bbox 650 3957 753 4025; x_wconf 82' lang='lat' dir='ltr'><strong>primus</strong></span> <span class='ocrx_word' id='word_1_192' title='bbox 765 3957 985 4025; x_wconf 86' lang='lat' dir='ltr'><strong>operisnostriin</strong></span> <span class='ocrx_word' id='word_1_193' title='bbox 995 3957 1115 4024; x_wconf 83' lang='lat' dir='ltr'><strong>linguam</strong></span> <span class='ocrx_word' id='word_1_194' title='bbox 1126 3957 1265 4023; x_wconf 85' lang='lat' dir='ltr'><strong>germani-</strong></span> 
     </span>
     <span class='ocr_line' id='line_1_28' title="bbox 150 4049 1265 4118; baseline -0.003 -15"><span class='ocrx_word' id='word_1_195' title='bbox 150 4065 209 4103; x_wconf 88' lang='lat' dir='ltr'><strong>cam</strong></span> <span class='ocrx_word' id='word_1_196' title='bbox 222 4050 377 4113; x_wconf 82' lang='lat' dir='ltr'><strong>translator,</strong></span> <span class='ocrx_word' id='word_1_197' title='bbox 392 4055 472 4118; x_wconf 87' lang='lat' dir='ltr'><strong>pntat</strong></span> <span class='ocrx_word' id='word_1_198' title='bbox 489 4050 669 4104; x_wconf 87' lang='lat' dir='ltr'><strong>Bertrandnm</strong></span> <span class='ocrx_word' id='word_1_199' title='bbox 688 4049 721 4104; x_wconf 87' lang='lat' dir='ltr'><strong>de</strong></span> <span class='ocrx_word' id='word_1_200' title='bbox 740 4049 877 4117; x_wconf 83' lang='lat' dir='ltr'><strong>Castenet,</strong></span> <span class='ocrx_word' id='word_1_201' title='bbox 889 4050 1058 4105; x_wconf 77' lang='lat' dir='ltr'><strong>cardinalem</strong></span> <span class='ocrx_word' id='word_1_202' title='bbox 1076 4049 1265 4111; x_wconf 75' lang='lat' dir='ltr'><strong>Portuensem</strong></span> 
     </span>
     <span class='ocr_line' id='line_1_29' title="bbox 150 4140 1265 4211; baseline -0.003 -14"><span class='ocrx_word' id='word_1_203' title='bbox 150 4144 246 4207; x_wconf 88' lang='lat' dir='ltr'><strong>omnia,</strong></span> <span class='ocrx_word' id='word_1_204' title='bbox 266 4147 402 4211; x_wconf 87' lang='lat' dir='ltr'><strong>quotquot</strong></span> <span class='ocrx_word' id='word_1_205' title='bbox 420 4142 621 4211; x_wconf 85' lang='lat' dir='ltr'><strong>conquisiverat</strong></span> <span class='ocrx_word' id='word_1_206' title='bbox 630 4143 800 4197; x_wconf 85' lang='lat' dir='ltr'><strong>Monarchiae</strong></span> <span class='ocrx_word' id='word_1_207' title='bbox 819 4143 990 4211; x_wconf 83' lang='lat' dir='ltr'><strong>exemplaria,</strong></span> <span class='ocrx_word' id='word_1_208' title='bbox 1009 4141 1087 4211; x_wconf 87' lang='lat' dir='ltr'><strong>quasi</strong></span> <span class='ocrx_word' id='word_1_209' title='bbox 1099 4140 1182 4195; x_wconf 85' lang='lat' dir='ltr'><strong>libros</strong></span> <span class='ocrx_word' id='word_1_210' title='bbox 1196 4140 1265 4194; x_wconf 90' lang='lat' dir='ltr'><strong>hae-</strong></span> 
     </span>
     <span class='ocr_line' id='line_1_30' title="bbox 149 4236 580 4306; baseline 0 -16"><span class='ocrx_word' id='word_1_211' title='bbox 149 4236 258 4302; x_wconf 86' lang='lat' dir='ltr'><strong>reticos,</strong></span> <span class='ocrx_word' id='word_1_212' title='bbox 275 4237 441 4290; x_wconf 86' lang='lat' dir='ltr'><strong>concremari</strong></span> <span class='ocrx_word' id='word_1_213' title='bbox 455 4237 580 4306; x_wconf 88' lang='lat' dir='ltr'><strong>jussisse.</strong></span> 
     </span>
    </p>
   </div>
   <div class='ocr_carea' id='block_1_6' title="bbox 0 0 1474 5040">
    <p class='ocr_par' dir='ltr' id='par_1_7' title="bbox 0 0 1474 5040">
     <span class='ocr_line' id='line_1_31' title="bbox 0 0 1474 5040; baseline 0 0"><span class='ocrx_word' id='word_1_214' title='bbox 0 0 1474 5040; x_wconf 95' lang='lat' dir='ltr'><strong> </strong></span> 
     </span>
    </p>
   </div>
  </div>
 </body>
</html>
