2940 5040
445 350 580 406 DANTIS
598 350 817 406 MONARCHIA
832 350 868 404 II.
888 350 916 405 C.
936 355 976 405 10.
1230 348 1268 406 75

234 525 327 590 Hanc
348 522 516 590 veritatem
539 522 636 588 etiam
658 520 795 603 gentiles
816 528 890 588 ante
912 524 1023 589 tubam
1043 523 1270 605 Evangelicam

151 627 402 710 cognoscebant,
436 644 533 708 quum
561 623 718 708 judicium
740 644 761 688 a
781 624 907 690 fortuna
935 623 1035 691 duelli
1065 627 1268 706 quaerebant.

148 729 243 797 Unde
276 729 358 795 bene
388 728 529 812 Pyrrhus
551 726 622 809 ille,
651 731 717 790 tam
745 726 885 792 moribus
913 726 1140 811 Aeacidarum,
1174 747 1271 810 quam

149 831 304 915 sanguine
327 848 513 912 generosus,
537 848 633 911 quum
656 827 770 908 Legati
791 827 1005 893 Romanorum
1034 850 1091 914 pro
1113 829 1268 898 redimen-
1287 849 1320 899 ro

149 933 200 1000 dis
223 932 360 1018 captivis
380 930 424 997 ad
443 930 534 995 illum
556 928 645 995 missi
666 930 806 1013 fuerunt,
830 929 1008 1013 respondit:

355 1066 414 1121 Nec
431 1066 468 1119 mi
485 1080 582 1119 aurum
598 1078 697 1132 posco,
715 1077 766 1117 nec
784 1063 821 1117 mi
837 1063 952 1131 pretium
970 1063 1107 1133 dederitis3

354 1151 416 1206 Non
434 1152 618 1218 cauponantes
635 1147 747 1214 bellum,
766 1147 813 1202 sed
831 1147 1032 1223 belligerantem

353 1236 452 1302 Ferro,
471 1250 527 1288 non
544 1249 625 1299 auro,
642 1233 725 1287 vitam
743 1247 883 1286 cernamus
901 1233 1013 1302 utrique.

353 1320 445 1374 Vosne
462 1318 537 1383 velit,
556 1333 591 1371 an
608 1332 662 1383 me,
681 1331 795 1385 regnare
812 1316 899 1380 Hera,
918 1317 1013 1385 quidve
1030 1318 1102 1374 ferat
1119 1335 1192 1385 sors,
1287 1323 1319 1373 45

353 1405 461 1458 Virtute
478 1402 656 1471 experiamur.
692 1401 730 1455 Et
747 1402 800 1455 hoc
819 1401 897 1454 simul
913 1402 1007 1470 accipe
1024 1403 1136 1458 dictum:

354 1490 474 1558 Quorum
496 1486 588 1541 virtuti
605 1487 669 1541 belli
686 1486 796 1543 fortuna
813 1486 945 1556 pepercit,

353 1572 509 1629 Eorundem
526 1587 569 1626 me
586 1572 705 1625 libertati
723 1587 832 1640 parcere
851 1579 951 1626 certum
971 1579 1020 1626 est.
1076 1564 1079 1570 ’

354 1659 433 1714 Dono
451 1657 550 1713 ducite.

149 1781 240 1846 Haec
268 1779 417 1865 Pyrrhus.
468 1778 614 1845 Horam
642 1778 779 1844 vocabat
806 1778 979 1861 fortunam,
1016 1799 1112 1861 quam
1140 1801 1269 1847 causam
1288 1800 1320 1850 co

148 1883 264 1949 melius
298 1887 330 1948 et
361 1880 477 1947 rectius
519 1899 577 1946 nos
611 1878 752 1944 divinam
791 1878 1026 1963 providentiam
1058 1884 1269 1965 appellamus.

150 1985 243 2052 Unde
272 1987 406 2049 caveant
433 1981 574 2066 pugiles,
610 2000 650 2046 ne
678 1981 781 2065 pretio
811 1981 1004 2047 constituant
1037 1981 1098 2046 sibi
1127 2003 1269 2050 causam:

150 2086 227 2169 quia
254 2106 318 2152 non
347 2090 422 2149 tunc
449 2082 605 2167 duellum,
635 2082 693 2148 sed
720 2083 821 2148 forum
852 2082 1014 2163 sanguinis
1042 2087 1074 2148 et
1096 2083 1271 2167 injustitiae

150 2186 320 2255 dicendum
342 2181 440 2270 esset,
464 2205 522 2251 nec
545 2190 619 2250 tuno
640 2184 760 2250 arbiter
782 2184 870 2251 Deus
892 2185 1005 2250 adesse
1028 2184 1189 2269 credatur,
1212 2186 1271 2253 sed

149 2291 206 2356 ille
234 2288 382 2370 antiquus
410 2287 528 2370 hostis,
559 2286 613 2368 qui
641 2286 737 2368 litigii
764 2287 868 2351 fuerat
897 2304 1074 2370 persuasor.
1122 2287 1271 2355 Habeant
1288 2312 1320 2361 55

150 2411 291 2476 semper,
314 2389 342 2454 si
364 2388 543 2454 duelliones
566 2408 637 2454 esse
659 2389 784 2472 volunt,
813 2408 877 2453 non
899 2387 1062 2468 sanguinis
1086 2392 1118 2454 et
1147 2389 1269 2474 injusti·
1340 2451 1344 2458 .

177 2628 201 2661 ³⁸
218 2627 250 2680 A
268 2620 306 2679 s:
318 2625 352 2678 n.
372 2625 405 2677 u.
424 2622 456 2676 v.
476 2655 510 2662 -
529 2624 561 2677 n.
581 2630 607 2678 a
624 2623 684 2678 aaa.
765 2624 788 2656 ⁵⁰
805 2622 837 2676 s.
855 2623 889 2676 rr.
910 2594 941 2675 n.
960 2622 993 2676 v.
1012 2621 1067 2678 aaa
1085 2622 1270 2695 Pyrra-A.

807 2709 862 2763 Hoc
880 2706 981 2779 Pyrrh.

822 2792 853 2845 F.
872 2794 908 2844 M.
925 2794 1058 2848 oocabaat

764 2881 785 2912 ⁵¹
803 2877 837 2931 H.
863 2894 944 2947 paam
969 2893 1080 2932 causam
1101 2895 1151 2934 aes
1177 2880 1272 2935 melias

218 2710 402 2782 agnoscebant

235 2795 305 2850 Edd.
324 2797 391 2848 antt.
410 2794 448 2847 ad
462 2794 607 2863 sortaaam

178 2883 201 2915 ⁴¹
218 2881 253 2935 H.
272 2879 437 2951 respondeat

177 2969 202 3001 ⁴²
218 2968 292 3021 Inter
310 2964 367 3019 Nec
389 2969 416 3017 et
439 2963 477 3016 mi
492 2962 525 3014 A.
544 2962 577 3014 H.
596 2960 628 3013 L.
647 2960 685 3013 M.

219 3052 252 3106 V.
270 3051 393 3105 inserunt
410 3048 500 3117 inquit

178 3138 203 3171 11
219 3136 256 3191 Μ.
285 3138 312 3189 et
343 3133 401 3187 edd.
431 3135 543 3185 recentt.
571 3129 686 3198 pessime

219 3221 395 3292 exportamus

237 3306 328 3360 Verba
338 3303 374 3357 Et
391 3301 443 3357 boc
454 3300 535 3355 simul
543 3300 636 3371 accipe
647 3298 687 3352 di-

221 3399 292 3447 etam
302 3389 426 3443 absunta
436 3387 513 3441 codd.
524 3387 557 3439 A.
568 3385 603 3437 H.
614 3384 645 3437 L.
655 3383 687 3436 V.

179 3479 203 3509 11
220 3478 252 3530 A.
270 3475 305 3528 H.
324 3474 355 3527 L.
374 3473 407 3526 V.
433 3488 493 3526 cum
516 3477 591 3525 textu
610 3469 686 3523 Cice·

219 3561 294 3616 ronis
322 3589 354 3597 —
380 3558 410 3610 F.
430 3557 464 3610 Μ.
489 3563 516 3610 et
533 3556 607 3610 editt.
627 3557 687 3607 Ho-

220 3645 334 3699 eaodem

180 3731 205 3763 11
220 3730 347 3785 Ultimam
356 3743 449 3781 versus
460 3731 573 3797 partem,
588 3726 687 3796 (doque

220 3814 362 3869 acbatiba'
396 3828 456 3866 cam
490 3813 597 3882 raapm's
628 3810 687 3876 Dis)

221 3914 301 3969 quam
319 3913 352 3951 ex
369 3897 438 3951 libro
457 3898 489 3952 de
508 3895 611 3951 officiis
622 3912 686 3965 sup·

220 3984 361 4053 pleverunt
389 3983 462 4036 editt.
493 3995 579 4049 neque
609 3978 686 4034 codd.

220 4069 335 4131 habent,
353 4082 439 4135 neque
457 4066 567 4120 Ficinus

804 2969 831 3017 et
847 2963 947 3017 catius
964 2961 1015 3016 olio.

764 3049 786 3082 ⁵²
803 3047 872 3101 Edd.
891 3051 947 3100 ant.
966 3053 1080 3102 caveant
1092 3048 1204 3120 papiles

821 3133 854 3184 A.
872 3131 906 3183 H.
923 3131 955 3184 L.
974 3131 1011 3184 M.
1024 3131 1056 3185 V.
1072 3133 1191 3203 pretium
1209 3149 1271 3187 eoa-

805 3218 920 3270 stitaaat

766 3302 789 3334 11
806 3303 839 3354 A.
852 3302 886 3355 H.
897 3302 930 3355 V.
948 3301 1091 3372 scapeiais
1108 3308 1135 3355 et
1145 3303 1273 3372 justitiae

805 3418 840 3425 —
856 3386 889 3438 L.
908 3386 1052 3457 saapaiar's
1068 3391 1096 3439 et
1106 3387 1213 3456 jastius

766 3471 788 3504 11
805 3471 837 3524 F.
857 3471 951 3525 adesse
969 3472 1077 3526 dicator

765 3557 788 3589 11
805 3556 836 3609 F.
855 3556 913 3626 fait
926 3572 1077 3628 persuasor

823 3641 856 3695 F.
875 3651 901 3694 et
920 3641 1037 3695 babeant

766 3728 789 3761 11
807 3729 840 3780 A.
859 3725 891 3782 F.
909 3727 943 3779 H.
962 3727 993 3781 L.
1012 3726 1044 3781 V.
1067 3743 1121 3780 rroa
1139 3726 1273 3798 sanquine

805 3817 832 3866 et
843 3814 970 3884 justitiae
988 3843 1021 3851 -
1044 3810 1081 3865 Μ.
1103 3817 1129 3865 et
1148 3811 1206 3866 edd.
1225 3825 1273 3864 an·

805 3897 870 3964 tiqu.
882 3913 936 3950 aon
949 3897 1092 3969 saapaiais
1109 3901 1136 3950 et
1147 3896 1274 3966 justitiae

806 3980 969 4035 -Ficinusz
988 3987 1106 4036 coerceto
1123 3981 1153 4036 cli
1168 3997 1274 4052 saraque

805 4081 820 4118 e
838 4065 1020 4135 diaplastizia

222 4273 245 4304 11
264 4273 334 4326 Sunt
350 4287 444 4326 versus
461 4269 577 4336 Ennii,
596 4286 662 4338 quos
681 4268 764 4325 refert
781 4268 875 4324 Cicero
893 4269 909 4322 l.
929 4286 952 4325 c.
