2940 5040
356 329 489 383 DANTIS
507 328 726 384 MONARCHIA
742 328 790 380 III.
809 327 837 382 O.
856 333 879 379 1.
1116 323 1174 384 109

59 505 224 576 evidenter
251 503 417 587 probatur,
450 501 525 568 licet
554 501 750 582 Magister
779 499 968 565 contrarium
998 497 1116 565 dixerit
1142 500 1176 564 in

58 612 180 691 quarto,

143 706 267 773 Scimus
291 706 402 788 etiam,
426 704 512 786 quod
532 704 670 770 sicarius
692 702 828 770 hominis
850 722 912 767 non
931 703 1113 785 aequivalet
1135 704 1174 788 ei,

59 809 266 893 quantumin
288 809 349 873 hoc
375 806 461 889 quod
483 806 619 872 vicarius
649 810 712 889 est,
741 805 816 887 quia
844 825 936 870 nemo
964 810 1071 889 potest
1098 806 1175 872 dare

59 909 145 995 quod
168 931 259 976 suum
281 930 344 975 non
367 912 424 975 est.
463 908 644 975 Auctoritas
665 906 849 990 principalis
870 927 934 972 non
955 912 1003 973 est
1024 907 1176 993 principis
1194 921 1226 972 30

58 1014 120 1079 nisi
134 1012 178 1078 ad
192 1032 292 1094 usum,
316 1011 511 1092 quianullus
526 1010 673 1094 princeps
692 1009 831 1094 seipsum
846 1008 1040 1074 auctorizare
1055 1015 1174 1094 potest3

58 1115 202 1199 recipere
231 1118 338 1178 autem
365 1117 486 1197 potest,
516 1117 611 1192 atquc
640 1110 812 1192 dimittere,
847 1109 905 1175 sed
938 1110 1036 1176 alium
1070 1131 1176 1176 creare

58 1238 121 1284 666
143 1218 264 1300 661661,
289 1215 363 1296 quia
387 1214 504 1280 creatio
527 1212 679 1298 principis
702 1233 744 1277 ex
765 1211 908 1295 principe
930 1233 992 1277 non
1008 1211 1175 1297 dependet.

59 1315 155 1398 Quod
177 1316 205 1381 si
225 1317 271 1380 ita
294 1323 358 1399 est,
381 1316 582 1381 manifestum
597 1319 659 1397 est,
684 1313 769 1395 quod
790 1312 895 1377 nullus
910 1313 1057 1397 princeps
1072 1319 1178 1397 potest

58 1419 123 1484 sibi
151 1419 340 1483 substituere
368 1418 522 1483 vicarium
549 1416 582 1480 in
604 1415 749 1482 omnibus
778 1415 1048 1499 aequivalentem,
1080 1435 1177 1497 quare
1196 1429 1226 1482 35

58 1519 213 1586 instantia
232 1521 353 1584 nullam
376 1519 550 1585 efficaciam
571 1517 678 1584 habet.

510 1709 630 1782 [curun
652 1706 734 1779 vnn]

147 1843 227 1907 Item
262 1841 433 1907 adsumunt
464 1839 504 1906 de
536 1839 630 1903 litera
660 1837 803 1922 ejusdcm
835 1838 915 1902 iliud
951 1837 1104 1904 Christi
1137 1838 1180 1904 ad

267 1940 278 1977 1

88 2012 112 2044 ²⁰
128 2009 167 2064 M.
186 2008 319 2080 Maqister
347 2009 450 2062 dixerit
477 2009 503 2061 iu
531 2023 595 2062 con·
674 2006 944 2074 2911666661661
968 2007 996 2059 16
1017 2005 1119 2060 166-
1137 2008 1180 2059 An

131 2095 246 2147 trurium
263 2093 372 2158 (omisso
391 2095 417 2147 in
436 2099 543 2161 quarto)
562 2122 596 2130 -
716 2091 743 2143 16
762 2096 893 2159 quoidam
911 2088 982 2142 doc?

129 2178 163 2232 H.
175 2180 248 2249 May.
266 2185 352 2233 contr.
368 2177 428 2232 dix.
446 2179 475 2232 ia
491 2184 597 2230 secten—
674 2174 704 2241 29,
717 2175 740 2207 ³⁰
755 2174 821 2229 Cod.
843 2174 879 2227 Μ.
899 2174 996 2227 omittit
1014 2177 1079 2244 quia
1103 2192 1181 2230 tremo

132 2265 177 2317 tiis
193 2293 227 2301 -
242 2263 275 2315 A.
293 2262 369 2334 Moy.
389 2270 472 2317 contr.
492 2261 549 2316 dix.
568 2263 596 2315 ia
711 2266 803 2331 potest
819 2258 885 2312 dare
895 2259 969 2328 quod
985 2275 1063 2312 suum
1074 2277 1129 2314 aon
1143 2266 1182 2313 est

133 2346 247 2402 Christo.
282 2377 315 2386 -
350 2346 383 2401 F.
408 2346 484 2417 Maq.
511 2353 596 2401 contr.
674 2346 698 2379 ³²
715 2345 806 2399 Verba
831 2345 952 2414 rectinere
978 2351 1067 2397 autem
1088 2351 1181 2415 potest

131 2432 232 2487 diceret
250 2433 277 2485 r'a
297 2448 342 2501 qu.
716 2431 816 2483 absunt
833 2445 849 2482 a
867 2429 925 2483 cod.
944 2429 1000 2482 Ρ61.

90 2517 122 2583 29,
138 2515 162 2548 29
179 2515 271 2569 Verba
288 2515 395 2571 Scimus
412 2517 505 2580 etiam,
524 2515 599 2585 quod
676 2515 699 2547 ³⁵
716 2514 753 2566 M.
771 2514 824 2568 sibi
838 2515 977 2568 corridere
994 2515 1124 2568 vicarium

132 2601 251 2655 otcarius
284 2599 400 2655 bominis
426 2617 480 2654 666
506 2603 598 2670 aequi·
734 2600 767 2651 A.
787 2598 818 2651 L.
844 2599 874 2650 P.
893 2602 921 2653 61
938 2598 996 2653 edd.
1022 2604 1089 2653 antt.
1116 2601 1182 2669 quia

133 2684 600 2755 6616161666616611616666611
642 2700 655 2715 ·
718 2684 847 2736 instantia
865 2683 1041 2738 —Nostram
1058 2685 1182 2739 emenda-

134 2771 253 2824 oicars'us
277 2775 317 2823 est
340 2786 394 2823 non
418 2771 553 2823 habentur
570 2770 599 2823 in
719 2769 832 2832 tionem,
858 2768 1012 2822 Fraticellic
1033 2770 1183 2838 probatam,

136 2854 194 2909 cod.
205 2854 383 2908 V.-Solum
401 2853 508 2909 Sobrius
523 2855 600 2908 abest
718 2853 868 2906 firmantF.
879 2853 913 2905 H.
932 2853 968 2906 M.
978 2853 1009 2906 V.
1029 2859 1055 2907 61
1072 2853 1184 2908 Ficinus

134 2939 228 2994 acod.
247 2938 280 2991 Η.
652 2937 716 3005 Cap.
743 2937 817 2990 VIIL
864 2940 870 2970 ¹
898 2936 929 2989 F.
964 2938 997 2991 de
1030 2939 1067 2992 lia
1097 2938 1185 3009 ejusd.

720 3020 825 3076 11161161

136 3161 159 3193 29
177 3159 288 3214 Peneus
305 3160 478 3213 Lcusssnus
497 3156 981 3226 1Μ6616166666166116666)1116111,
1000 3157 1061 3212 dist.
1082 3163 1106 3213 ’6.
1125 3161 1140 3224 1
1159 3162 1183 3211 2.

68 3228 319 3295 „Ministerium
345 3226 501 3296 baptizandi
527 3226 602 3280 dedit
625 3224 747 3279 Christus
773 3226 870 3286 servis,
898 3225 946 3279 sed
974 3230 1185 3293 potestatem

67 3297 119 3352 sibi
136 3296 253 3359 retinuit,
273 3312 361 3364 quam,
381 3297 404 3349 si
420 3295 508 3361 uellet,
525 3300 633 3362 poterat
650 3294 732 3348 serris
751 3293 815 3346 dare
834 3331 946 3347 .....
974 3293 1021 3347 sed
1039 3293 1132 3361 noluit,
1151 3310 1184 3347 66

67 3380 161 3419 sersus
179 3364 206 3416 in
225 3379 301 3418 servo
319 3380 331 3417 s
352 3381 393 3418 em
411 3367 549 3432 poneret.“
585 3368 600 3427 §
620 3368 644 3416 3.
680 3361 838 3428 Quaeritur,
862 3377 930 3428 quae
948 3362 983 3414 sit
1000 3362 1046 3414 illa
1064 3366 1184 3429 potestas

67 3432 206 3500 baptismi,
225 3448 305 3498 quam
345 3433 445 3486 hristus
464 3431 516 3485 sibi
532 3429 658 3496 retinuit,
677 3436 704 3484 61
720 3431 810 3499 661611
830 3429 894 3483 dare
912 3429 1003 3484 seruis.
1042 3429 1184 3495 Η666661,

67 3505 99 3554 ut
116 3499 223 3568 plurimi
241 3501 341 3567 volunt,
359 3505 481 3569 potestas
490 3498 641 3552 dimittendi
677 3499 814 3552 66661616
832 3499 868 3551 16
887 3497 978 3558 tismo;
999 3498 1047 3551 sed
1064 3502 1185 3567 potestas

68 3567 219 3623 dimittendi
237 3572 364 3636 peccata,
383 3567 495 3648 quaein
514 3567 571 3620 Deo
590 3572 644 3633 661,
690 3582 737 3620 666
756 3574 804 3619 est.
845 3515 908 3619 16166
926 3566 971 3618 6111
989 3565 1094 3631 dicunt,
1113 3567 1185 3621 hanc

68 3641 230 3706 potestatem
248 3652 302 3690 non
319 3643 440 3704 potursse
458 3635 522 3688 dare
539 3635 619 3688 alicui
636 3650 782 3696 servorum,
801 3634 864 3703 quia
882 3634 949 3687 nulli
966 3634 1055 3702 potuit
1072 3635 1137 3689 dare
1155 3640 1186 3687 ut

69 3708 142 3759 esset
165 3703 236 3772 quod
259 3704 320 3774 Ipse
343 3711 397 3771 est,
425 3703 467 3757 uel
488 3707 520 3756 ut
542 3703 655 3757 haberet
680 3703 823 3758 essentiam
841 3718 920 3770 quam
944 3701 1005 3769 Ipse
1023 3702 1118 3768 habet,
1143 3703 1187 3758 cui

69 3774 139 3827 hoc
156 3777 274 3826 estesse
293 3773 363 3839 quod
381 3787 461 3841 posse
480 3809 588 3824 .....
616 3771 659 3824 Ad
677 3770 748 3839 quod
765 3770 817 3824 dici
834 3775 937 3839 potest,
961 3769 1024 3837 quia
1041 3771 1129 3839 potuit
1147 3771 1185 3826 eis

70 3842 135 3894 dare
151 3841 299 3908 potentiam
317 3839 466 3894 dimittendi
482 3840 609 3906 6666616,
627 3845 788 3893 nontamen
806 3839 891 3906 ipsam
910 3839 1035 3899 eandem,
1054 3854 1108 3906 qua
1124 3839 1186 3908 Ipse

69 3913 166 3979 potens
184 3915 234 3973 661,
253 3907 300 3962 sed
317 3910 462 3976 potentiam
482 3910 608 3972 creatam,
627 3923 681 3975 que
698 3922 790 3961 servus
808 3910 901 3974 posset
909 3906 1043 3961 dimittere
1060 3911 1185 3974 peccata:

70 3994 125 4032 non
142 3982 231 4030 temen
249 3980 280 4030 ut
298 3981 394 4030 auctor
411 3974 587 4040 remissionis,
607 3974 654 4029 sed
672 3982 702 4028 ut
719 3975 851 4040 minister,
877 3989 928 4028 nec
945 3981 1035 4028 tamen
1053 3976 1110 4028 sine
1128 3975 1186 4030 Deo

70 4051 195 4109 auctore,
219 4050 252 4097 ut
274 4045 345 4098 sicut
367 4044 395 4098 in
413 4042 559 4098 ministerio
578 4043 660 4097 habet
676 4043 793 4096 exterius
812 4041 995 4108 sanctificare,
1019 4043 1057 4095 116
1074 4043 1186 4098 interius

70 4112 214 4167 mundaret
230 4112 288 4166 Deo
308 4116 419 4166 auctore
439 4151 549 4165 .....
573 4112 615 4165 116
642 4126 704 4177 ergo
726 4110 815 4179 potuit
837 4110 901 4164 dare
925 4126 1001 4164 servo
1025 4115 1186 4178 potestatem

71 4180 222 4234 dimittendi
238 4186 353 4248 peccata
370 4182 398 4235 in
416 4181 577 4249 baptismo.“
613 4179 793 4232 61166616
811 4179 980 4241 Aomssnsn
998 4178 1030 4232 de
1049 4178 1208 4247 Regiminex

71 4250 228 4317 Principum
245 4249 273 4301 in
293 4249 459 4319 06611616.
481 4251 553 4303 11111.
574 4248 605 4301 Τ.
624 4245 710 4300 XVII.
729 4247 854 4301 11111111.
874 4262 932 4315 cap.
954 4253 992 4300 16.
1012 4246 1060 4300 161.
