2940 5040
212 340 251 403 76
436 344 570 400 nannls
588 343 807 399 nonanoffln
824 345 859 398 11.
877 344 908 399 u.
929 350 968 399 ro.
989 351 1028 400 11.
1047 349 1110 411 ((1).

209 516 275 582 tiae
297 522 497 601 mercatores,
520 517 553 582 in
575 516 656 583 ostio
671 517 853 601 palaestrae
872 521 946 582 ante
961 517 1071 583 oeulos
1084 516 1254 603 Pyrrhum,
1279 521 1331 602 qui

208 639 267 703 pro
289 618 422 703 imperio
438 618 630 686 decertando
653 618 698 683 sio
716 639 827 683 aumm
843 617 1051 702 despiciebat,
1074 624 1110 687 ut
1128 619 1251 687 dietum
1273 631 1330 691 est.

294 720 387 800 Quod
408 720 437 786 si
458 725 566 787 eontra
580 720 748 788 veritatem
764 726 923 788 ostensam
946 720 985 786 de
1008 720 1191 807 imparitate
1214 721 1330 791 virtum

158 841 193 892 oo
211 821 352 906 instetur,
375 826 410 886 ut
431 821 564 906 adsolet,
586 842 645 907 per
666 822 832 888 victoriam
854 821 962 887 David
985 821 1026 888 de
1048 822 1145 889 Golia
1166 823 1331 892 obtentam

208 924 360 990 instantia
380 924 552 990 refellatur.
596 924 638 988 Et
667 923 694 988 si
715 923 852 1005 gentiles
880 923 970 989 aliud
990 929 1153 1008 peterent,
1182 925 1332 994 refellant

207 1026 311 1110 ipsam
333 1046 391 1110 per
412 1025 579 1093 vietoriam
592 1027 738 1094 Hereulis
760 1025 794 1089 in
806 1026 977 1093 Antaeum.
1020 1025 1160 1092 Stultum
1182 1026 1269 1091 enim
1284 1031 1331 1093 est

208 1127 313 1208 valde,
336 1127 430 1212 vires,
448 1148 534 1216 ,quas
556 1129 644 1194 Deus
666 1127 831 1213 eonfortat,
854 1126 1019 1193 inferiores
1031 1126 1139 1212 pugile
1163 1127 1327 1212 suspicari.

96 1216 102 1222 ¹
291 1229 365 1294 Jam
387 1229 464 1294 satis
486 1229 688 1295 manifestum
710 1233 768 1312 est,
792 1228 878 1310 quod
899 1250 958 1313 per
976 1228 1117 1296 duellum
1140 1228 1329 1314 adquiritur,

158 1351 189 1400 oe
208 1329 248 1396 de
268 1330 341 1414 jure
364 1330 499 1412 adquiri.

617 1504 808 1577 [11111111.
832 1497 908 1585 (x.)]

292 1649 355 1717 Sed
369 1652 530 1715 Romanus
552 1654 689 1736 populus
711 1673 768 1738 per
791 1653 931 1720 duellum
946 1652 1121 1735 adquisivit
1141 1653 1327 1738 imperium,

206 1751 292 1836 quod
320 1751 383 1818 fide
412 1751 516 1834 dignis
544 1754 733 1820 testimoniis
762 1756 999 1839 comprobatur:
1031 1754 1064 1818 in
1087 1754 1205 1837 quibus
1228 1757 1325 1825 mani·

206 1852 363 1922 festandis
391 1874 454 1919 non
482 1856 584 1920 solum
612 1855 673 1922 hoe
701 1856 885 1941 apparebit,
915 1855 972 1924 sed
1001 1855 1098 1922 etiam
1127 1856 1327 1941 quidquido

205 1954 464 2040 primordialibus
485 1956 611 2041 imperii
632 1957 768 2023 Romani
790 1956 1031 2042 dijudicandum
1054 1961 1132 2040 erat,
1155 1978 1215 2042 per
1238 1957 1324 2026 duel-

171 2079 185 2127 5
204 2061 270 2126 lum
291 2077 364 2129 esse
387 2055 572 2124 discussum.

288 2161 371 2227 Nam
394 2158 434 2226 de
456 2160 574 2245 primo,
598 2159 756 2242 quamde
780 2159 855 2226 sede
878 2160 978 2244 patris
999 2161 1146 2243 Aeneae,
1178 2161 1234 2244 qui
1261 2161 1323 2250 pri-

203 2283 273 2329 mus
301 2267 393 2347 pater
421 2262 515 2346 hujus
543 2262 655 2347 populi
690 2262 763 2345 fuit,
799 2266 974 2327 verteretur
1007 2261 1160 2345 litigium,
1191 2264 1326 2331 Turno

203 2365 390 2432 Rutulorum
411 2382 486 2446 rege
509 2369 618 2431 eontra
640 2369 760 2447 stante,
784 2362 823 2428 de
847 2363 1003 2430 communi
1026 2363 1191 2429 amborum
1212 2383 1325 2450 regum

203 2465 357 2548 adsensu,
380 2464 423 2529 ad
445 2466 606 2548 ultimum,
635 2470 766 2549 propter
788 2463 930 2529 divinum
955 2464 1191 2549 beneplacitum
1220 2466 1324 2550 inqui-

154 2586 184 2636 10
202 2566 351 2650 rendum,
374 2566 456 2631 inter
478 2586 513 2632 se
535 2567 637 2632 solum
660 2566 843 2632 dimieatum
866 2572 929 2649 est,
952 2571 987 2630 ut
1008 2567 1041 2631 in
1063 2566 1184 2632 ultimis
1207 2567 1322 2636 Aenei-

203 2668 261 2734 dos
290 2667 420 2733 eanitur.
465 2669 501 2732 In
530 2687 592 2750 quo
622 2667 750 2750 quidem
779 2686 881 2750 agone
917 2672 1006 2732 tanta
1034 2668 1163 2735 viatoris
1191 2669 1324 2737 Aeneae

202 2769 370 2835 elementia
391 2768 465 2852 fuit,
495 2774 531 2834 ut
552 2769 614 2834 nisi
638 2770 776 2852 balteus,
807 2788 900 2850 quem
929 2770 1054 2835 Turnus
1075 2771 1216 2836 Pallanti
1246 2793 1267 2837 a
1288 2792 1322 2838 se

201 2870 305 2936 oooiso
334 2868 533 2954 detraxerat,
562 2871 736 2955 patuisset,
765 2871 849 2937 vieto
879 2871 981 2936 vietor
1009 2871 1103 2936 simul
1125 2872 1226 2937 vitam
1250 2894 1320 2940 oon-

202 2971 360 3056 donasset,
374 2977 404 3039 et
414 2993 536 3057 paoem,
549 2979 583 3037 ut
594 2974 707 3037 ultima
719 2972 858 3037 earmina
868 2972 968 3038 nostri
985 2974 1137 3039 Poetae
1152 2977 1320 3041 testantur.

151 3093 181 3144 15
286 3074 451 3155 Quumque
479 3074 542 3141 duo
570 3074 681 3160 populi
710 3096 750 3141 ex
777 3074 850 3159 ipsa
871 3074 1012 3157 Trojana
1039 3072 1147 3141 radiae
1169 3075 1203 3152 in
1224 3076 1322 3144 Italia

225 3276 248 3309 ⁶⁰
265 3276 299 3328 A.
317 3275 348 3329 F.
367 3276 401 3329 H.
420 3275 452 3330 V.
472 3306 502 3315 —
519 3277 552 3330 L.
570 3276 608 3330 M.
627 3282 654 3330 et
672 3276 731 3330 edd.
852 3274 896 3329 hio
921 3278 1014 3329 merito
1039 3278 1164 3330 statuunt
1184 3277 1217 3330 A.
1241 3280 1269 3331 et
1285 3277 1320 3332 V.

265 3364 380 3414 reeentt.
397 3359 432 3414 de
452 3360 559 3415 Goltatb
852 3391 885 3400 -
902 3359 1009 3430 Reliqui
1026 3375 1081 3414 non
1099 3358 1276 3430 distinguunt.

226 3446 248 3478 ⁶¹
266 3445 299 3501 F.
318 3446 449 3500 tassinaria
465 3445 616 3516 repellatur
828 3444 926 3498 2Ε(1(1.
947 3445 1041 3498 testim.
1061 3446 1234 3515 approbatur

282 3531 314 3583 A.
333 3530 364 3584 F.
381 3530 414 3582 H.
433 3529 463 3582 L.
480 3530 518 3584 M.
537 3529 645 3599 aliquid
654 3535 714 3600 pet.
828 3531 839 3564 ³
856 3530 925 3584 Edd.
942 3529 991 3583 sed
1007 3533 1034 3582 et
1050 3529 1182 3598 quiequid

225 3615 248 3648 ⁶²
265 3616 299 3668 A.
318 3616 393 3686 ipsos
409 3646 443 3654 -
460 3615 497 3668 Μ.
516 3615 604 3686 aprum
826 3616 837 3647 ⁴
855 3615 892 3668 M.
911 3613 1093 3668 dimicandum
1111 3618 1170 3668 erat

224 3700 247 3733 ⁶³
264 3699 296 3753 F.
314 3699 348 3752 H.
366 3699 398 3753 L.
416 3699 448 3754 V.
474 3731 508 3738 -
533 3700 566 3753 A.
585 3699 623 3752 M.
647 3698 730 3768 tafer.
827 3700 1154 3770 8Η.11911111111111111

259 3783 583 3858 ,11111111ΤΕ111111
601 3783 731 3854 iapupele
826 3784 837 3816 ⁹
853 3784 885 3838 F.
905 3799 1000 3854 repam
1018 3799 1150 3838 consensa

223 3871 246 3904 ⁶⁵
262 3870 295 3924 F.
314 3870 347 3925 de
358 3870 427 3940 jare
443 3869 596 3938 aequiritur
810 3870 832 3902 ¹³
848 3869 883 3922 H.
902 3869 990 3924 occiso
1008 3867 1156 3922 deterserat

197 3953 262 4025 Cap.
279 3955 326 4010 XI.
374 3955 382 3985 ¹
408 3952 477 4008 Novi
504 3952 600 4021 eapitis
625 3951 731 4006 initium
810 3955 831 3988 ¹⁵
847 3953 880 4006 F.
898 3954 926 4007 r'a
943 3951 1053 4009 Italiam

265 4125 288 4158 ⁶⁰
305 4125 326 4177 Ι.
346 4123 490 4178 Samuel.
511 4122 664 4186 1011111111.
684 4121 796 4191 Regum)
813 4137 872 4191 oap.
885 4127 925 4178 17.
997 4101 1019 4156 3¹
1038 4122 1182 4188 „refellant
1200 4120 1315 4192 ipsam“,

196 4195 263 4261 puta
279 4192 445 4246 instantiam.

264 4258 336 4329 Cap.
354 4259 411 4315 x1.
449 4263 470 4294 ¹⁰
486 4259 595 4313 Visam.
613 4258 712 4314 Aeneis
730 4256 791 4314 XII.
809 4260 866 4311 942.
