2940 5040
203 340 243 402 28
465 345 600 401 DANTIS
618 346 837 402 MONARCHIA
854 345 876 398 Ι.
896 345 924 399 G.
946 351 985 401 14.
1004 350 1065 410 (llll.

202 519 373 607 Praeterea
387 537 438 583 res
454 516 569 583 dieitur
584 539 654 586 esse
668 519 789 603 mehor,
811 541 869 604 por
883 539 955 586 esse
969 519 1178 604 propinquior
1193 519 1319 606 optimo,

204 625 236 684 et
256 618 327 684 finis
349 620 447 686 habet
467 621 622 688 rationem
644 621 769 705 optimi;
800 620 858 686 sed
884 620 954 686 fieri
975 641 1033 704 per
1061 641 1158 687 unum
1181 627 1233 689 est
1253 643 1318 708 pro

156 737 186 788 ιε
205 720 352 805 pinquius
380 721 449 808 fini,
484 744 559 807 ergo
589 730 639 790 est
671 723 795 789 melius.
839 723 881 788 Et
909 723 995 806 quod
1029 724 1073 789 sit
1104 725 1320 810 propinquius,

204 830 294 908 patet
315 824 374 891 sie:
399 822 447 889 Sit
468 824 539 890 finis
563 825 603 910 C,
625 824 694 891 fieri
715 846 773 910 per
794 845 890 890 unum
912 826 957 910 A,
986 846 1044 910 per
1064 827 1159 909 plura
1181 828 1210 892 A
1234 833 1267 893 et
1288 827 1319 894 B.

203 927 406 992 Manifestum
436 931 498 1010 est,
535 926 620 1009 quod
655 927 779 1009 longior
807 933 855 994 est
882 927 937 992 via
965 928 1059 993 abA
1086 949 1144 1014 per
1173 929 1200 993 B
1228 929 1262 994 in
1290 929 1322 1012 0,

205 1040 300 1110 quam
322 1030 363 1094 ab
386 1030 415 1095 A
438 1034 559 1094 tantum
581 1028 614 1093 in
637 1029 671 1095 C.
717 1029 782 1097 Sed
809 1031 982 1096 humanum
1003 1048 1104 1111 genus
1126 1035 1235 1116 potest
1257 1030 1321 1114 regi

202 1151 260 1214 per
282 1150 377 1195 unum
400 1150 581 1216 supremum
602 1130 788 1216 principem,
812 1132 866 1214 qui
888 1136 937 1198 est
958 1132 1140 1199 Monarcha.

153 1245 185 1295 uo
289 1234 424 1315 Propter
452 1231 538 1314 quod
566 1232 796 1298 advertendum
824 1254 917 1319 sane,
949 1233 1048 1317 quod,
1079 1253 1176 1316 quum
1198 1232 1320 1318 dicitur,

202 1335 373 1399 humanum
395 1354 494 1417 genus
514 1339 621 1419 potest
641 1334 710 1416 regi
732 1355 790 1420 per
811 1356 907 1400 unum
930 1355 1111 1421 supremum
1132 1335 1321 1422 Principem,

202 1456 265 1502 nou
294 1436 340 1501 sio
367 1435 609 1518 intelligendum
641 1443 704 1521 est,
738 1443 772 1501 ut
800 1438 931 1504 minima
957 1437 1077 1504 iudicia
1099 1437 1321 1520 cuiuscumque

204 1537 366 1622 municipii
389 1538 429 1603 ab
445 1538 502 1604 illo
518 1559 579 1605 uno
595 1538 778 1606 immediate
800 1540 928 1625 prodire
950 1539 1088 1624 possint;
1113 1559 1212 1622 quum
1227 1540 1320 1607 etiam

203 1640 292 1720 leges
331 1639 540 1725 municipales
574 1640 764 1724 quandoque
804 1642 967 1725 deficiant,
1008 1645 1040 1707 et
1071 1661 1150 1726 opus
1184 1642 1323 1709 habeant

150 1756 183 1806 25
205 1740 369 1826 directim,
385 1746 419 1806 ut
433 1746 523 1827 patet
535 1764 594 1829 per
606 1743 837 1828 Philosophum
853 1745 887 1811 in
902 1744 1011 1827 quinto
1026 1742 1069 1807 ad
1082 1742 1322 1828 Nicomachum,

205 1839 393 1907 ἐπιείκειαν
417 1846 697 1912 commendantem.
742 1846 871 1913 Habent
891 1866 1028 1928 namque
1043 1845 1200 1929 nationes,
1215 1865 1321 1931 regna,

204 1948 236 2010 et
259 1945 418 2030 civitates,
441 1947 524 2013 inter
546 1967 580 2014 se
602 1948 828 2032 proprietates,
853 1968 932 2029 quas
953 1948 1079 2030 legibus
1102 1948 1321 2015 differentibus

203 2047 342 2127 regulari
365 2053 498 2132 oportet.
542 2049 600 2114 Est
619 2050 702 2116 enim
724 2051 777 2116 lex
791 2050 903 2131 regula
918 2050 1073 2116 directiva
1087 2050 1184 2118 vitae.
1222 2051 1323 2119 Aliter

203 2148 321 2233 quippe
343 2150 481 2230 regulari
511 2156 637 2234 oportet
659 2150 812 2237 Scythas,
842 2153 896 2234 qui
926 2159 1017 2219 extra
1038 2151 1208 2236 septimum
1231 2153 1323 2219 clima

79 2241 84 2249 ’
151 2263 183 2314 ao
202 2250 361 2335 viventes,
402 2257 433 2318 et
471 2272 619 2336 maguam
660 2252 782 2319 dierum
815 2259 848 2319 et
886 2253 1024 2321 noctium
1062 2254 1321 2337 inaequalitatem

201 2352 374 2438 patientes,
408 2354 601 2421 intolerabili
635 2356 726 2437 quasi
757 2355 867 2438 algore
900 2355 1025 2438 frigoris
1058 2360 1260 2441 premuntur,
1293 2360 1322 2422 et

230 2504 251 2537 ¹³
268 2505 301 2557 A.
327 2505 358 2559 F.
384 2505 422 2558 M.
447 2506 480 2558 V.
505 2536 538 2544 -
561 2506 593 2559 L.
619 2505 738 2577 Propter
818 2507 839 2539 ¹⁹
856 2506 893 2560 M.
911 2523 1041 2560 summam
1056 2507 1213 2578 prinoipem

270 2606 313 2643 res
331 2619 362 2629 ·-
381 2590 412 2643 P.
432 2595 458 2644 et
480 2588 538 2642 edd.
562 2597 617 2644 ant.
642 2589 737 2643 Primo
815 2592 839 2625 ²⁰
855 2592 893 2645 M.
912 2591 1103 2645 advertendum
1120 2599 1246 2646 estserae

268 2690 313 2728 res
335 2705 369 2714 -
391 2675 424 2727 Η.
448 2673 524 2739 Quae
546 2691 644 2729 res-
666 2674 736 2728 Edd.
814 2677 838 2710 ²³
854 2675 924 2729 Edd.
943 2692 1026 2746 quam
1043 2682 1069 2730 et
1087 2677 1159 2745 leqes

149 2818 151 2825 ¹
268 2763 369 2813 recent.
411 2757 558 2813 Praeterea
576 2762 738 2830 primores
815 2763 837 2795 ²⁴
855 2762 888 2816 V.
919 2777 990 2833 opus
1018 2760 1115 2816 babent
1137 2790 1169 2800 —
1193 2759 1226 2813 F.
1254 2773 1321 2832 oper

285 2844 316 2896 F.
335 2844 410 2896 H.L
438 2843 468 2897 P.
488 2844 588 2899 dieitur
605 2844 700 2897 melior
856 2844 955 2900 lacent

284 2930 318 2983 A.
336 2929 370 2982 H.
395 2929 431 2982 M.
455 2928 488 2982 V.
513 2929 554 2982 Ita
576 2935 603 2982 et
626 2929 736 2982 Ficinus
814 2933 837 2965 ²⁵
855 2932 886 2986 F.
905 2931 942 2984 M.
969 2930 1002 2984 V.
1019 2960 1051 2969 —-
1067 2930 1099 2983 L.
1118 2929 1234 2984 directio
1251 2931 1320 2985 —A

266 3031 337 3085 „per
363 3014 469 3067 l'essere
493 3015 547 3085 piri
574 3015 737 3085 propinqua
855 3015 984 3070 directius
1006 3046 1040 3053 -
1068 3014 1098 3068 P.
1128 3015 1261 3071 directam
1288 3045 1320 3054 -

268 3099 312 3153 all
330 3100 440 3152 oetimo“
458 3098 607 3167 —Reliqui
619 3099 737 3169 propin·
854 3099 924 3155 Edd.
943 3104 969 3152 et
987 3098 1072 3153 Ficin.
1090 3099 1239 3154 directione

269 3185 349 3254 quior
384 3184 515 3255 optimae,
551 3182 622 3250 quod
648 3183 735 3251 prima
813 3184 836 3216 ²⁶
853 3183 930 3237 Unus
953 3183 985 3236 L.
1010 3182 1152 3256 epyelriam
1170 3185 1320 3240 -caeteri

269 3285 351 3323 manu
369 3273 396 3322 et
412 3268 441 3321 in
458 3267 525 3320 Ven.
544 3267 692 3335 legebatur.
855 3283 936 3322 sensu
954 3268 1074 3323 carentia
1091 3268 1220 3336 quaeque.

231 3355 250 3387 ¹⁴
268 3353 336 3408 Edd.
356 3352 437 3408 babet
446 3353 577 3406 rationem
584 3353 693 3422 operati
705 3382 734 3391 -
813 3353 836 3385 ²⁷
854 3352 887 3406 V.
906 3369 975 3423 quas
991 3353 1095 3425 reptilis
1112 3353 1202 3424 differ.

269 3437 301 3491 F.
321 3437 400 3493 babet
417 3442 483 3502 rat.‚·
500 3437 549 3491 sed
562 3439 627 3508 fieri
813 3438 837 3470 ²⁹
852 3437 887 3491 Η.
906 3437 1014 3493 Seditas
1031 3447 1112 3494 extra
1128 3440 1272 3510 septimum

268 3591 342 3659 Cap.
356 3590 438 3646 XIV.
463 3588 951 3645 ²⁶Aa1suornunsEthic.NicomV.
965 3593 1003 3644 14.
1023 3590 1157 3645 Translat.
1176 3596 1248 3646 ant:
1266 3591 1321 3658 „Et

102 3718 105 3725 ,
200 3666 241 3715 est
250 3659 318 3713 haec
328 3664 427 3712 natura
435 3674 503 3727 quac
513 3659 656 3729 Epyiches‚
668 3658 779 3712 directio
789 3657 863 3724 legis,
881 3659 927 3711 ubi
939 3658 1029 3712 deficit
1041 3665 1152 3729 propter
1162 3659 1320 3714 universale.

198 3730 273 3782 Haec
285 3729 355 3781 enim
367 3743 458 3789 causa,
476 3728 568 3782 eteius
578 3726 651 3795 quod
660 3742 715 3781 non
725 3725 814 3779 omnia
824 3725 1066 3795 secundumlcgem
1076 3743 1142 3792 esse,
1152 3727 1320 3795 quoniamde

200 3795 361 3866 quibusdam
377 3795 541 3871 impossibile
558 3810 658 3863 ponere
675 3795 768 3875 legem,
787 3809 869 3862 quare
888 3795 1021 3849 sententia
1038 3797 1138 3875 caret‘j.
1173 3795 1320 3864 Aliquanto

201 3864 300 3919 clarius
330 3865 356 3918 b.
381 3862 498 3917 Turones
528 3863 654 3926 Aomms
683 3860 747 3916 rbrd.
783 3862 875 3929 „Haec
902 3866 945 3916 est
975 3866 1073 3917 natura
1103 3879 1160 3918 erus
1185 3862 1255 3931 quod
1280 3868 1322 3918 cst

200 3933 344 4054 Epiqqqres
362 3934 393 3985 ut
410 3932 445 3985 sit
463 3930 619 3986 directivum
636 3930 717 4010 legis,
736 3930 783 3984 ubi
806 3930 850 3984 lex
876 3929 966 3985 deficit
989 3939 1100 4000 propter
1122 3931 1240 4000 aliquem
1256 3946 1320 4002 par·

200 4001 256 4055 ticu
299 4016 340 4054 em
364 4015 465 4054 casum.
506 3999 574 4067 Quia
604 4015 673 4054 emm
703 3999 746 4053 lex
778 3998 870 4053 deficit
894 3998 923 4052 in
944 4001 1167 4067 particularibus,
1197 3999 1251 4054 ista
1279 4006 1321 4054 est

199 4084 296 4134 causa,
324 4068 396 4136 quod
413 4083 468 4121 non
491 4068 580 4123 omnia
597 4073 712 4136 possunt
729 4065 901 4121 determinari
919 4069 1067 4122 secuudum
1084 4068 1181 4136 legem,
1205 4067 1269 4136 quic
1286 4067 1320 4122 de

200 4136 372 4205 quibusdam,
398 4151 467 4203 quae
489 4150 551 4190 raro
569 4135 709 4201 accidunt,
734 4134 901 4203 impossibile
924 4143 966 4190 est
983 4136 1054 4203 quod
1070 4136 1114 4190 lex
1150 4140 1262 4203 onatur,
1287 4151 1319 4191 eo

237 4204 271 4259 od
289 4220 343 4258 nou
360 4210 475 4272 possunt
491 4203 580 4258 omnia
604 4203 669 4258 talia
692 4204 727 4258 ab
750 4203 857 4259 homine
880 4203 1039 4272 provideri.“
1073 4203 1115 4258 ef.
1161 4209 1262 4258 .3-6.
1279 4202 1316 4258 D.

199 4222 243 4328 llus
260 4272 378 4341 Legibus
396 4272 424 4333 (I.
445 4277 480 4338 3.)
