2940 5040
152 314 173 366 L
565 313 850 372 PROLEGOMENA.

153 488 186 557 in
215 509 370 587 quantum
395 491 504 580 sciam,
523 500 573 562 est
589 490 703 562 Frater
722 490 825 564 Gumo
844 492 1027 584 Vulturnus,
1045 494 1274 587 Ariminensis,

154 616 285 690 Ordinis
312 617 584 706 praedicatorum,
602 617 635 687 in
664 618 820 713 opusculo
847 619 1050 691 ann0132'l
1080 623 1275 718 conscripto,

154 757 184 816 et
204 745 347 818 Gratiolo
374 746 413 816 de
432 741 637 838 BambajoliS,
657 744 774 815 nobilis
793 743 986 818 Communis
1004 745 1171 818 Bononiae
1189 747 1274 819 Can·

154 872 294 964 cellario,
320 882 517 961 consecrato,
543 869 635 964 cujus
662 871 695 940 in
724 872 953 968 unicamque
981 897 998 943 e
1021 873 1131 944 codice
1148 849 1274 946 'inarm-

152 999 270 1094 scripto
298 998 509 1072 bibliothecae
537 999 724 1069 monasterii
752 997 930 1072 Classensis
958 1024 1057 1098 prope
1084 1000 1272 1073 Ravennam

151 1124 309 1216 desumto,
336 1125 478 1196 editione
506 1125 618 1196 titulus
646 1125 697 1196 bic
723 1138 787 1198 est:

507 1250 543 1320 F.
586 1249 742 1324 Guidonis
776 1253 915 1324 Vernani

597 1378 813 1451 Ariminensis

526 1500 656 1575 Ordinis
682 1503 895 1576 Praedicator.

420 1629 468 1700 lle
497 1640 653 1725 potestate
687 1634 807 1704 summi
835 1632 1000 1705 Pontifiois

696 1770 728 1829 et

443 1884 498 1957 De
524 1886 749 1981 reprobatione
767 1884 971 1957 Monarchiae

604 2014 802 2109 compositae

426 2166 444 2210 a
469 2138 573 2210 Dante
598 2139 775 2234 Alligberio
796 2138 984 2210 Florentino

573 2267 740 2338 Tractatus
768 2266 831 2337 duo

400 2417 487 2463 nunc
528 2393 671 2489 primum
708 2395 742 2465 in
780 2394 886 2466 lucem
924 2393 1011 2464 editi.

466 2647 632 2720 Bononiae
658 2646 945 2719 MDGCXXXXVI.

187 2776 269 2872 apud
298 2775 458 2846 Thomam
488 2773 569 2866 Coli,
595 2801 634 2847 ex
660 2787 784 2872 typogr.
813 2775 847 2846 S.
876 2776 1020 2847 Thomae
1046 2775 1228 2870 Aquinatis.

244 2903 282 2974 ln
309 2903 379 2999 ipso
408 2901 505 2997 bnjus
534 2903 681 2999 opusculi
707 2903 886 2999 primordio
914 2905 1046 2998 legitur:

195 3031 282 3103 luter
310 3055 382 3101 vasa
409 3029 584 3119 mendacis,
610 3041 642 3100 et
667 3030 840 3126 perniciosi
866 3031 968 3103 Patris
996 3030 1167 3121 mendacii,
1192 3033 1262 3126 qui·

194 3159 268 3230 dam
296 3158 356 3228 luit
376 3156 475 3227 multa
494 3157 661 3228 fantastice
680 3157 853 3254 poetizans,
877 3170 909 3229 et
926 3158 1076 3254 Sophiste
1095 3157 1261 3248 verbosus

194 3284 298 3356 verbis
326 3283 538 3355 exterioribus
566 3284 598 3354 in
626 3286 808 3381 eloquentia
836 3286 945 3356 multis
971 3294 1091 3380 gratus,
1118 3285 1260 3380 quisuis

194 3411 327 3507 poeticis
355 3411 598 3483 fantasmatibus
625 3422 657 3482 et
682 3412 848 3506 figmentis
869 3410 977 3505 jurmit
1000 3411 1134 3483 verbum
1154 3410 1262 3482 Philo·

193 3538 335 3634 sophiae,
353 3536 502 3609 boetium
529 3538 735 3630 consolantis,
760 3550 792 3610 et
810 3539 967 3610 Senecam
995 3539 1078 3610 intra
1097 3538 1263 3611 Ecclesias

191 3665 393 3756 adducendo,
419 3689 484 3736 non
513 3666 620 3737 solum
647 3678 796 3761 aegrotos
823 3667 959 3757 animos,
984 3667 1040 3737 sed
1068 3667 1162 3737 etiam
1184 3666 1261 3738 Stu-

191 3793 300 3865 diosos
340 3791 488 3865 dulcibus
522 3792 719 3888 syrenarum
754 3793 900 3864 cantibus
937 3793 1089 3865 conducit
1129 3794 1261 3868 iraudu-

190 3921 293 3992 lenter
326 3919 366 3992 ad
399 3919 566 3990 interitum
601 3920 782 3992 salutiferae
815 3921 965 3993 veritatis.
1018 3920 1259 3993 Praetermissis

190 4058 297 4119 autem
325 4047 395 4120 aliis
421 4047 522 4144 ipsius
542 4048 692 4144 operibus
711 4072 786 4119 cum
806 4048 968 4144 despectu,
997 4048 1160 4144 quoddam
1188 4047 1259 4144 ejus

191 4173 361 4270 scriptum,
387 4174 471 4270 quod
491 4175 710 4248 Monaaonnu
735 4175 837 4246 voluit
860 4175 1030 4272 appellare,
1057 4176 1129 4271 quia
1159 4176 1191 4246 in
1221 4201 1257 4248 ea
