2962 5024
531 334 810 392 PROLEGOMENA.
974 364 978 371 ·
1175 338 1225 391 XV

113 512 202 583 atteri
222 512 370 583 codicum
391 510 621 607 praecaeteris
647 509 819 580 auctoritas
845 509 943 580 tribui
971 493 1087 606 potest,
1112 522 1144 581 et
1160 535 1224 608 quo

110 639 258 753 saepiuS,
291 639 387 710 etiam
422 637 476 733 qui
510 637 652 732 reliques
687 637 878 733 plerumque
904 637 1078 709 lectionum
1107 639 1225 734 ineptia

108 756 259 862 superat,
285 764 538 836 Ambrosianum
567 775 659 859 puta,
687 764 738 835 bic
764 763 813 834 vel
839 763 921 855 iilic,
955 766 1101 836 omnium
1132 789 1225 857 unus,

54 903 56 905 ’
114 894 183 964 sine
202 893 300 964 dubio
329 892 463 988 probam
489 900 583 985 atque
609 892 785 986 genuinam
815 890 955 986 praebet.
1000 891 1115 987 Neque
1142 894 1226 963 inter

115 1021 253 1110 codices,
281 1020 334 1114 qui
363 1019 402 1089 ad
430 1042 490 1088 nos
508 1029 735 1113 pervenerunt,
763 1027 849 1088 certa
866 1041 996 1112 genera,
1023 1018 1159 1089 familias
1178 1019 1224 1089 di·

114 1157 203 1237 cunt,
230 1147 427 1219 constituere
455 1145 534 1216 mibi
561 1146 714 1240 contigit,
743 1145 775 1216 id
804 1168 905 1215 unum
935 1144 1132 1240 percipienS,
1163 1127 1225 1216 ab·

114 1296 194 1367 qnos
228 1273 355 1370 saepius
390 1297 487 1369 quam
521 1273 637 1343 caeteri
672 1273 757 1343 inter
790 1296 824 1342 se
858 1272 1052 1342 consentire.
1113 1271 1224 1344 Talem

114 1400 199 1470 inter
232 1399 452 1495 Hungaricum
488 1408 520 1469 et
555 1399 953 1471 Venetum'intercedere
995 1400 1221 1494 cognationem

113 1525 259 1618 dixerim,
284 1552 302 1598 a
329 1528 446 1623 quibus
472 1525 708 1598 Ambrosianus
736 1538 767 1597 et
784 1526 1022 1598 Laurentianus
1050 1551 1117 1598 non
1146 1528 1228 1600 mul·

114 1662 181 1723 tum
217 1653 336 1726 distare
363 1654 523 1724 videntur.
576 1652 764 1725 Feiinianus
791 1666 823 1725 et
848 1653 1022 1746 Palatinus,
1048 1679 1065 1724 a
1093 1656 1225 1752 reliquis

112 1802 266 1876 persaepe
295 1780 499 1870 recedentes,
526 1781 643 1876 probas
671 1782 754 1853 baud
783 1805 856 1852 raro
882 1782 1036 1853 exhibent
1061 1783 1226 1874 lectiones,

113 1907 199 1978 unde
227 1908 395 2003 utriusque
423 1907 645 1977 testimonium
675 1909 765 1978 omni
793 1909 1054 1980 consideratione
1089 1909 1223 2004 dignum

112 2044 201 2128 pute.

105 2245 107 2250 7
214 2159 288 2230 Non
309 2170 416 2230 tamen
436 2160 467 2230 id
488 2160 567 2230 mibi
594 2161 757 2255 agendum
786 2161 873 2251 duxi,
900 2174 935 2233 ut
963 2186 1224 2259 unamquamque

102 2297 217 2358 textus
244 2286 446 2385 varietatem,
484 2286 515 2356 in
545 2311 610 2358 uno
637 2288 813 2359 relabere
841 2289 953 2360 codice
981 2289 1225 2385 deprehensam,

111 2415 312 2485 adnotarem.
367 2412 460 2496 Quod
489 2413 515 2483 si
549 2414 698 2486 fecissem
728 2413 830 2509 major
858 2417 1047 2511 paginarum
1075 2441 1149 2512 pars
1176 2418 1225 2488 in-

112 2564 341 2629 numerarum,
382 2564 533 2634 magnam
569 2551 693 2637 partem
728 2566 828 2614 sensu
863 2567 998 2639 prorsus
1033 2545 1222 2635 carentium,

112 2669 288 2739 lectionum
328 2667 419 2763 copia
446 2667 560 2738 fuisset
585 2669 709 2740 obruta.
765 2670 849 2741 Satis
875 2671 974 2764 igitur
1001 2671 1115 2742 secisse
1146 2672 1223 2744 mibi

113 2794 200 2866 visus
226 2818 310 2886 sum,
337 2795 364 2866 si
383 2819 437 2865 eas
456 2794 643 2886 indicarem,
671 2796 823 2890 quasve!
851 2797 1052 2892 atiquatenus
1079 2798 1219 2889 defendi,

111 2921 160 2992 rel
189 2922 336 2993 umbram
358 2921 447 3017 quasi
463 2918 567 3014 justae
589 2923 736 2994 lectionis
752 2924 888 2994 innuere
915 2948 1010 3018 posse
1039 2925 1221 2997 credebam.

216 3047 307 3139 Octo,
333 3050 371 3119 ad
400 3059 545 3120 nostram
565 3061 699 3121 aetatem
728 3051 927 3146 superstites,
947 3049 1152 3122 Monarchiae
1171 3076 1223 3123 co·
1265 3046 1280 3119 ’.

111 3177 198 3248 dices
218 3176 297 3247 mibi
321 3175 544 3267 innotuerunt,
571 3200 709 3272 quorum
737 3187 802 3248 tres
829 3179 920 3248 omni
949 3202 1010 3273 qua
1036 3180 1125 3275 potui
1144 3158 1224 3250 dili·

110 3304 218 3398 gentia
245 3303 315 3398 ipse
343 3303 476 3394 centuli,
502 3303 640 3374 aliorum
669 3314 806 3399 quatuor
833 3305 1039 3376 collationem
1067 3306 1222 3378 officiosis

110 3432 301 3520 doctorum,
335 3430 487 3525 probatae
515 3431 563 3501 bis
591 3432 623 3501 in
652 3431 749 3503 rebus
776 3433 928 3527 peritiae,
963 3433 1105 3504 virorum
1135 3434 1221 3504 euris

110 3557 222 3629 debeo.
274 3556 323 3626 Ad
352 3567 498 3628 octavum
527 3522 608 3629 libir
635 3582 794 3650 accessus,
820 3560 1027 3656 quantumvis
1053 3560 1223 3656 appetitus,

111 3685 190 3755 mibi
218 3709 284 3755 non
311 3683 423 3779 patuit.
477 3683 608 3755 Praeter
635 3686 756 3781 aliquot
782 3687 937 3759 lectiones
964 3687 1002 3757 ad
1031 3687 1119 3758 locos
1147 3711 1222 3783 prae

109 3810 244 3882 caeteris
263 3811 370 3882 dubiis
388 3811 572 3906 impeditos
599 3837 677 3908 quas
696 3813 870 3885 liberaliter
889 3837 1020 3885 mecum
1041 3814 1223 3884 communi·

108 3938 189 4008 cavit
215 3938 263 4007 vir
289 3937 411 4008 clariss.
440 3936 590 4011 Cernens
610 3939 710 4012 Emer
729 3941 874 4031 Necron,
900 3940 1067 4012 brnericae
1096 3951 1223 4036 septen·

109 4065 252 4136 trionatis
268 4064 361 4155 civis,
381 4064 459 4135 nibit
479 4065 576 4160 igitur
591 4067 693 4139 babeo
712 4068 797 4163 qued
817 4092 912 4139 exeo
932 4068 1106 4164 proferam.
1144 4067 1223 4138 Dico

109 4193 148 4262 de
174 4192 284 4262 codice
314 4191 574 4284 membranaceo,
609 4195 762 4289 quicum
792 4196 860 4267 aliis
887 4194 1085 4267 Guilelmi
1103 4194 1222 4266 Libri
