2940 5040
529 351 810 409 PROLEGOMENA.
1131 353 1234 410 XXXV

158 527 312 619 nendum,
338 527 606 620 recognoscimus
635 582 642 598 .
671 582 678 596 .
705 580 713 598 .
739 530 943 622 praesertim,
969 551 1070 624 quum
1107 528 1147 598 ad
1176 552 1233 600 eos

156 652 210 748 jus
256 665 288 724 et
328 665 470 749 potestas
511 652 697 747 hujusmodi
737 654 777 725 ab
820 654 1005 748 Apostolica
1047 657 1123 729 sede
1161 681 1235 752 per·

158 776 373 879 venerit.“³⁰)

107 908 234 980 XXXV.
254 910 289 980 2.
315 907 517 1002 „Gregorius
544 907 676 1002 quintus
702 916 848 1003 tempore
876 909 999 981 dttonis
1017 908 1236 1005 Imperatoris

161 1038 347 1108 convocatis
380 1045 413 1107 et
445 1034 608 1130 requisitis
633 1033 839 1130 Principibus
873 1037 1076 1128 Alamaniae,
1110 1047 1234 1131 septem

158 1163 326 1234 Electores
353 1163 502 1252 instituit,
520 1159 684 1233 officiales
710 1163 812 1259 ipsius
835 1164 943 1235 curiae
961 1163 1147 1260 imperialis.
1168 1219 1176 1234 .
1198 1215 1234 1233 ..

161 1289 264 1362 Causa
291 1300 412 1380 autem,
439 1312 537 1385 quare
565 1289 671 1360 solum
700 1288 740 1360 de
766 1288 933 1361 diamania
960 1291 1114 1387 praedicti
1141 1290 1234 1362 Elec·

160 1432 246 1488 tores
273 1428 350 1489 sunt
376 1417 523 1505 assumti,
551 1417 771 1487 communiter
802 1418 917 1514 triplex
950 1419 1144 1512 assignatur.

160 1544 268 1615 Tertia
310 1543 371 1615 tun
403 1543 551 1615 voluntas
585 1543 705 1640 Papae,
746 1555 821 1642 puta
857 1545 1005 1642 Gregorii
1034 1545 1068 1618 V.
1104 1547 1159 1642 qni
1193 1545 1234 1617 de

159 1671 341 1744 Theutonia
367 1670 429 1742 tun
455 1674 581 1743 natus.“

210 1993 357 2088 Longior
384 1992 431 2063 fui
458 1992 492 2062 in
520 1992 740 2064 exscribendis
765 1992 938 2088 Triumphi
963 1992 1054 2085 locis,
1081 2005 1117 2066 ut
1142 2019 1236 2090 argu-

111 2132 309 2213 mentorum,
336 2120 454 2215 quibus
479 2116 602 2212 jurium
630 2144 647 2189 a
673 2118 885 2190 Pontificibus
912 2118 1070 2194 Romanis
1097 2122 1235 2194 adsecta-

110 2261 217 2323 torum
247 2249 437 2320 defensores
457 2247 571 2318 Daritis
590 2271 667 2317 aevo
696 2246 879 2337 utebantur,
904 2258 935 2317 et
962 2271 1043 2342 quae
1070 2219 1111 2320 ne
1138 2249 1234 2322 hodie

110 2377 242 2474 quidem
278 2376 517 2472 deposuerunt,
551 2375 773 2447 concatenatio
808 2375 926 2446 clarius
961 2375 1103 2466 eluceat,
1136 2388 1167 2448 et
1200 2388 1235 2449 ut

112 2502 280 2598 dijudicari
309 2511 415 2597 queat,
430 2526 471 2573 an
499 2512 530 2572 et
557 2517 716 2598 quatenus
735 2501 910 2594 sufficiant,
937 2527 1029 2598 quae,
1055 2513 1090 2573 nt
1116 2528 1152 2574 ea
1179 2527 1235 2600 op·

109 2641 242 2728 pugnet,
268 2643 380 2702 noster
405 2630 549 2726 protulit.

111 3085 199 3168 QUO
237 3083 441 3152 TEMPORE
470 3085 589 3150 LIBRI
624 3085 682 3149 Du
717 3082 973 3150 MONARCHIA
1007 3081 1236 3150 COMPOSITI

405 3203 614 3287 FUXRINT,
648 3201 947 3269 EXAMINATUR.

212 3402 275 3486 Qui
302 3402 342 3473 de
361 3401 423 3472 vita
441 3400 555 3472 Daritis
574 3401 777 3498 scripserunt
793 3401 915 3496 antiqui
934 3411 1091 3490 auctores,
1109 3411 1236 3495 praeter

109 3555 213 3602 unum
233 3528 433 3620 Boccatium
458 3529 690 3624 quaestionem,
716 3527 855 3624 quando.
873 3551 955 3622 opus
982 3536 1129 3598 nostrum
1159 3551 1235 3599 con·

110 3658 242 3754 ceperit,
259 3656 462 3751 reliquerunt
488 3656 652 3727 intactam.
694 3654 758 3726 Sed
782 3653 849 3749 jam
867 3653 943 3726 Bas.
961 3654 1032 3725 Jou.
1051 3652 1235 3746 Hunorum,

110 3784 203 3880 cujus
229 3784 339 3856 versio
370 3783 465 3880 paulo
492 3792 567 3854 ante
595 3793 718 3855 textum
745 3782 882 3853 latinum
910 3783 942 3852 in
971 3782 1077 3852 lucem
1105 3779 1235 3875 prodiit,

110 3913 214 3985 libros
248 3911 288 3982 de
315 3910 502 3983 Monarchia
538 3911 623 3982 circa
658 3911 787 3982 initium
820 3909 1035 4005 expeditionis
1067 3907 1235 3980 Romanae

113 4081 319 4092 -----

178 4163 211 4226 ³⁰)
230 4161 270 4215 (It.
289 4161 396 4217 Bullam
423 4161 603 4231 „Apostoliea
620 4160 726 4226 aedes“‚
752 4175 769 4213 a
794 4159 936 4215 Bonifaeio
955 4159 1029 4214 VIII.
1052 4173 1144 4213 menae
1161 4157 1235 4227 Majo

108 4257 171 4312 anni
192 4260 264 4311 1300.
284 4257 417 4311 emissam.
994 4323 1030 4375 c*
