2940 5040
479 332 763 388 PROLEGOIIENA.
1097 336 1186 391 XLIII

158 508 195 579 ln
224 532 366 604 quonam
393 530 469 578 vero
502 508 644 579 aucturis
671 510 774 581 nostri
801 510 932 605 scripto,
956 520 1031 581 ante
1058 534 1180 583 annum

62 638 170 728 1300,
197 637 236 707 ad
265 658 363 732 quem
389 634 548 706 visionem
568 632 764 706 Comoedias
790 636 901 727 refert,
928 639 1122 733 composito,
1148 639 1181 709 in

60 788 222 863 quonam,
262 762 415 852 obsecro,
447 761 581 855 vestigia
615 762 679 834 stili
716 761 883 858 Virgiliani
916 763 1182 861 deprehendisti?

58 893 199 964 Putasne
228 889 333 961 Vitam
368 913 502 979 novam,
535 889 584 960 rel
611 887 786 962 Cantiones
819 901 893 962 ante
925 891 1057 964 exilium
1092 918 1183 965 oom-

59 1021 179 1117 positas
213 1017 405 1111 Virgilium,
447 1017 537 1112 quasi
572 1018 764 1107 magistrum
807 1017 969 1089 scribendi
1011 1020 1182 1091 redoleret

58 1148 178 1237 Unum,
205 1153 331 1241 praeter
356 1142 578 1236 comoediam,
603 1146 743 1217 auctoris
770 1146 873 1216 nostri
899 1155 1003 1217 exstat
1028 1171 1120 1243 opus,
1147 1150 1180 1219 in

59 1299 121 1373 quo
149 1272 294 1368 Virgilii,
326 1271 532 1342 Monarchiae
558 1270 726 1344 Romanae
760 1273 911 1365 cantoris,
937 1275 1069 1369 vestigia
1103 1299 1179 1346 curn

60 1427 129 1475 esse
156 1410 331 1496 sequutum
352 1399 468 1469 merito
487 1399 549 1469 dici
575 1410 697 1494 potest:
724 1399 921 1490 Menambis,
940 1401 973 1471 in
1002 1426 1064 1497 qna
1091 1402 1180 1474 locos

60 1554 95 1602 ex
123 1527 277 1625 operibus
305 1524 440 1620 Virgilii,
467 1548 563 1620 quem
593 1527 780 1599 nominibus
806 1527 943 1619 „Poetae
972 1530 1105 1619 nostri“‚
1131 1529 1181 1601 vel

58 1656 187 1749 „nostri
215 1653 329 1724 Vatis“
356 1653 505 1743 denotat,
542 1663 717 1724 uteorum
745 1657 933 1726 auctoritute
961 1666 1085 1747 utatur,
1113 1679 1178 1726 non

61 1786 170 1855 minus
198 1779 419 1874 ‹luodeviginti
445 1781 546 1851 alleri.
562 1779 612 1874 43)

100 1896 102 1902 ’
159 1909 315 1980 Dicamus
352 1909 452 2003 igitur
496 1907 595 1978 libros
638 1907 678 1978 de
714 1905 901 1979 Monarchia
941 1920 1016 1981 ante
1051 1920 1180 2007 tempus

58 2038 211 2111 Paschale
244 2036 320 2106 anni
352 2035 448 2107 1300
483 2058 548 2106 non
576 2034 681 2105 solum
710 2057 782 2106 esse
809 2038 1025 2132 compositos,
1054 2038 1110 2108 sed
1138 2040 1179 2109 itu

60 2165 122 2237 iam
150 2189 168 2236 a
196 2163 320 2234 coaevis
347 2163 448 2234 luisse
475 2162 643 2251 lectitatos,
662 2173 697 2232 ut
723 2172 835 2233 auctor
863 2186 928 2235 non
956 2166 1121 2236 immerito
1140 2166 1180 2236 de

59 2295 184 2364 bonore
210 2289 285 2360 inde
313 2300 515 2386 consequuta
543 2289 674 2383 gloriari
702 2286 916 2390 potnerit.⁴⁴)

59 2477 263 2488 —.-.-—-

142 2594 173 2658 ⁴³)
192 2590 278 2659 „Stili
299 2589 467 2661 Virqiliani“
491 2590 609 2659 vestigla
633 2591 744 2646 doctiss.
770 2592 880 2661 quidem
904 2591 1046 2659 Wegele
1070 2591 1114 2654 (D.
1133 2589 1179 2646 Al.

58 2685 151 2742 Leben
175 2701 202 2739 u.
219 2683 322 2739 Werlre
344 2699 371 2751 p.
389 2687 449 2748 348,
467 2687 509 2748 49)
533 2684 561 2737 in
578 2685 698 2740 auctoris
721 2685 807 2740 nostri
827 2685 1070 2753 compositionibus
1087 2684 1180 2755 lyricis

58 2795 129 2834 anno
150 2783 216 2833 1300
234 2777 415 2832 anterioribus
434 2775 638 2844 deprehendere
662 2778 715 2833 sibi
731 2778 808 2833 visus
826 2785 877 2845 est,
894 2778 944 2834 sed
965 2793 1000 2831 an
1016 2779 1118 2834 multos
1136 2779 1180 2833 in-

58 2873 150 2928 veniet
168 2871 379 2931 consentientes.
396 2871 502 2926 dubito.
537 2870 686 2925 (libationes
705 2871 869 2939 Virgilianos
886 2873 913 2925 in
931 2886 1014 2938 opere
1032 2876 1135 2937 nostro,
1153 2876 1181 2926 et

58 2967 143 3035 ipsius
153 2969 344 3032 argumentum
355 2962 751 3032 propositosleneidossimile,
761 2964 885 3032 nihilpro
903 2965 1084 3021 uobisfacere
1100 2972 1180 3034 putat

58 3059 129 3114 idem
139 3059 302 3122 virdunus,
320 3071 403 3125 quum
414 3056 591 3123 „stilus“n0n
609 3058 644 3111 de
663 3073 697 3112 eo
715 3059 810 3126 quod
828 3058 940 3122 dicitur,
958 3060 1008 3114 sed
1026 3061 1061 3114 de
1078 3061 1179 3115 modo

58 3152 167 3208 dicendi
190 3156 345 3220 usurpetur.
379 3149 520 3205 Adversas
543 3155 634 3204 tamen
651 3151 732 3205 etiam
757 3153 784 3206 in
803 3153 967 3220 Purgatorio
984 3153 1104 3219 (XXIV.)
1129 3156 1180 3217 „id

58 3245 132 3314 quod
150 3243 240 3299 Amor
257 3244 370 3299 interius
388 3245 499 3307 dictat“,
523 3244 598 3314 quod
621 3246 724 3299 auctori
743 3250 839 3300 nostro
860 3247 967 3302 laudem
986 3247 1090 3312 „dulcis
1108 3248 1179 3302 stili“

57 3353 177 3406 parasse,
187 3337 290 3392 fatetur
298 3338 462 3410 BonaJ'uuta‚
471 3338 545 3393 dicta
561 3337 658 3405 magis,
667 3353 748 3406 quam
765 3339 877 3394 modum
889 3339 997 3395 dicendi
1015 3335 1179 3407 significare.

56 3431 240 3487 Monarchiam
258 3431 294 3486 ab
317 3431 460 3499 elegantiis
477 3432 641 3486 Maroniauis
658 3433 771 3487 multum
790 3433 888 3489 abesse
904 3450 959 3488 non
977 3435 1098 3503 negabo,
1115 3435 1181 3490 licet

58 3524 252 3594 speciminibus
269 3523 362 3591 mavis
380 3524 551 3593 eloquentiae
569 3542 624 3580 non
643 3531 741 3581 eareat.
777 3525 834 3581 Sed
851 3526 1091 3590 considerandum,
1108 3543 1178 3582 aevo

57 3617 246 3672 Dantisetiam
263 3617 433 3687 alios,quum
443 3619 527 3672 latine
541 3618 726 3688 loquerentur,
744 3625 838 3675 nostro
849 3624 923 3674 certe
940 3636 995 3674 nou
1013 3620 1179 3686 disertiores,

60 3710 175 3780 Virgili0
193 3727 223 3767 se
240 3711 441 3781 aequiparasse,
459 3711 540 3782 cujus
557 3712 597 3766 rei
615 3715 769 3782 exemplum
787 3713 872 3769 habes
890 3714 917 3767 in
935 3713 1113 3778 Iohanne,
1132 3717 1178 3784 qui

58 3820 211 3874 cognomen
230 3805 272 3860 de
289 3805 444 3873 Virgilio
468 3806 528 3873 ipse
546 3805 597 3859 sibi
616 3806 699 3860 dedit.
734 3808 829 3877 Neque
853 3808 971 3872 saeculo,
990 3813 1018 3864 et
1036 3809 1111 3878 quod
1129 3824 1179 3864 ex-

58 3899 287 3964 currit-anterior
303 3897 552 3953 Hearichettus
571 3899 611 3954 de
629 3899 834 3968 Septimello
853 3916 884 3955 se
901 3901 1179 3969 laudes0vidii‚Vir-

57 3991 115 4060 gilii
133 3998 161 4047 et
178 3991 281 4046 Lucani
299 3993 395 4046 mereri
412 3992 524 4046 innuere
543 3991 687 4047 dubitavit.

142 4087 175 4152 ⁴⁴)
193 4085 306 4140 Etiamsi
331 4085 434 4139 lectura
451 4085 621 4142 Monarchiae
640 4103 673 4142 eo
698 4095 820 4156 tempore
838 4088 958 4142 nondum
976 4087 1110 4153 omnibus,
1129 4088 1179 4143 sed

57 4177 314 4246 intelligentioribus
331 4182 437 4232 tantum
455 4179 574 4233 auctoris
591 4179 835 4246 amicisputuisset,
845 4182 920 4251 quod
937 4181 1058 4236 indicare
1071 4180 1179 4236 ridetur

57 4271 242 4327 Boccatius
260 4271 300 4338 (il
309 4272 386 4336 libro,
403 4272 424 4326 il
440 4273 521 4342 quote
538 4273 622 4342 infirm
640 4273 729 4328 ulloru
746 4292 856 4347 uppenu
873 4293 921 4330 era
938 4277 1064 4346 seposta),
1082 4275 1178 4329 merito
