2940 5040
200 367 242 429 22
465 368 599 424 DANTIS
617 369 836 425 MONARCHIA
854 370 875 423 Ι.
894 369 923 425 0.
946 374 984 424 12.
1002 374 1064 437 (14).

199 543 284 627 quod
307 541 468 609 sciendum
482 546 540 623 est,
563 541 649 622 quod
663 540 798 624 primurn
813 541 1002 627 principium
1017 549 1146 610 nostrae
1162 542 1323 610 libertatis

199 650 247 710 est
268 644 401 710 libertas
422 641 559 726 arbitrii,
591 662 686 725 quarn
708 643 799 707 multi
821 643 939 710 habent
961 644 994 708 in
1017 665 1086 728 ore,
1109 645 1143 709 in
1156 645 1322 712 intelleetu

165 761 179 810 5
198 766 274 812 vero
289 745 393 830 pauci.
436 742 573 811 Veniunt
587 763 723 826 namque
738 763 839 826 usque
854 744 897 809 ad
912 746 981 828 hoe,
1004 751 1038 809 ut
1061 744 1171 812 dieant
1185 747 1321 814 liberum

198 847 361 912 arbitrium
384 865 471 929 esse,
501 845 635 910 liberum
665 844 706 912 de
734 848 899 914 voluntate
927 845 1087 912 iudicium.
1138 847 1182 911 nt
1210 869 1320 915 verum

198 949 318 1033 dieunt,
343 946 401 1014 sed
422 948 626 1033 importatum
647 968 704 1031 per
726 948 825 1012 verba
847 948 1005 1029 longeest
1027 949 1141 1033 abeis,
1166 950 1318 1031 quemad-

196 1050 325 1117 modum
346 1055 415 1116 tota
437 1049 490 1115 die
512 1049 623 1130 Logiei
644 1048 742 1114 nostri
764 1049 882 1115 faeiunt
905 1049 946 1116 de
969 1050 1161 1132 quibusdam
1176 1053 1319 1138 proposi-

195 1152 349 1235 tionibus,
380 1170 462 1233 quae
490 1150 533 1215 ad
555 1149 736 1233 exemplum
758 1152 947 1234 logiealibus
969 1151 1213 1238 interseruntur,
1243 1161 1319 1239 puta

148 1269 179 1320 ro
198 1252 238 1320 de
259 1254 335 1319 hae:
358 1252 551 1333 Triangulus
572 1252 670 1318 habet
691 1258 754 1318 tres
778 1251 902 1319 duobus
923 1253 1017 1320 reetis
1039 1255 1203 1337 aequales.

280 1354 321 1418 Et
342 1352 416 1420 ideo
432 1354 513 1437 dieo,
529 1353 615 1436 quod
629 1353 825 1420 iudieium
840 1354 979 1423 medium
994 1362 1044 1423 est
1054 1357 1318 1441 apprehensionis

196 1461 228 1521 et
243 1455 417 1539 appetitum
434 1475 509 1520 nam
523 1455 625 1540 primo
640 1475 690 1522 res
706 1456 963 1540 apprehenditur,
980 1456 1096 1524 deinde
1106 1457 1317 1543 apprehensa,

197 1557 280 1622 bona
302 1557 354 1621 vel
376 1556 462 1620 mala
484 1555 651 1640 iudicatur,
673 1562 707 1622 et
728 1558 840 1624 ultimo
861 1557 1006 1625 iudicans
1020 1560 1235 1645 prosequitur,
1252 1562 1318 1628 sive

196 1657 285 1738 fugit.
331 1656 366 1722 Si
388 1675 463 1738 ergo
485 1657 637 1723 iudieium
658 1665 786 1725 moveat
817 1660 943 1726 omnino
966 1660 1153 1746 appetitum,
1177 1668 1209 1729 et
1231 1664 1317 1730 nullo

148 1777 178 1828 15
195 1757 292 1824 modo
313 1758 538 1843 praeveniatur
559 1759 600 1824 ab
623 1779 677 1844 eo,
701 1760 835 1828 liberum
857 1767 920 1844 est;
950 1760 1076 1827 sivero
1099 1765 1140 1829 ab
1163 1764 1317 1849 appetitu,

197 1879 382 1943 quoeunque
405 1859 499 1928 modo
527 1861 769 1945 praeveniente,
802 1860 954 1928 iudicium
975 1868 1154 1947 moveatur,
1183 1866 1318 1934 liberum

196 1981 344 2028 essenon
365 1968 482 2046 potest,
505 1962 581 2044 quia
602 1984 665 2030 non
680 1984 700 2028 a
715 1983 759 2047 se,
782 1962 840 2030 sed
857 1964 897 2029 ab
913 1964 978 2031 alio
993 1965 1156 2051 captivum
1171 1969 1315 2035 trahitur.

197 2063 239 2128 Et
260 2063 334 2129 hine
356 2070 413 2147 est,
430 2063 516 2145 quod
537 2064 631 2129 bruta
646 2064 797 2131 iudicium
811 2065 945 2132 liberum
960 2066 1079 2133 habere
1094 2089 1158 2134 non
1174 2077 1316 2154 possunt,

197 2164 271 2248 quia
294 2184 403 2232 eorum
424 2164 542 2231 iudicia
565 2186 691 2251 semper
715 2166 861 2252 appetitu
881 2168 1135 2250 praeveniuntur.
1180 2170 1222 2236 Et
1244 2171 1317 2238 hine

231 2417 299 2471 ³est
315 2424 377 2484 post
399 2415 535 2470 sciendum
554 2416 630 2472 deest
646 2418 675 2471 in
693 2418 725 2471 F.
806 2418 828 2451 ¹³
846 2418 912 2472 Edd.
932 2420 1002 2474 horta
1019 2421 1156 2475 dutmala

259 2501 294 2555 H.
312 2500 342 2554 P.
362 2505 389 2554 et
405 2499 433 2553 in
451 2499 510 2554 edd.
859 2502 929 2556 Edd.
948 2504 1057 2569 rectius,
1074 2507 1227 2560 sedeontra
1238 2507 1314 2562 codd.

232 2588 292 2639 5Α.
317 2586 428 2639 ueniant
450 2601 536 2655 usque
560 2586 597 2641 ad
619 2585 670 2642 hoc
693 2617 725 2626 —-
845 2589 1033 2642 auctoritatem
1041 2593 1316 2664 prosequaatfupit

260 2672 292 2725 F.
310 2687 366 2724 ven.
385 2687 502 2741 numque
519 2671 556 2726 ad
572 2670 623 2727 hoc
807 2673 826 2704 ¹⁴
844 2673 877 2725 A.
897 2678 1001 2728 moueat
1017 2675 1106 2728 animo
1125 2676 1279 2747 appetitum

228 2756 287 2809 ‘’F.
316 2755 476 2826 lopiculibus
503 2758 667 2811 interserunt
696 2745 724 2796 -'
807 2759 828 2790 ¹⁵
844 2758 876 2809 A.
895 2759 921 2811 si
935 2773 998 2812 uero
1015 2761 1140 2830 appetitu

259 2841 291 2894 L.
310 2841 364 2912 lep.
382 2841 541 2911 inferuntur
808 2843 828 2874 ¹⁷
845 2841 876 2894 P.
895 2842 928 2897 ab
946 2843 1001 2897 alio
1018 2846 1141 2915 captivas
1159 2845 1230 2901 trah.

220 2928 241 2960 ¹⁰
257 2925 326 2980 Edd.
345 2930 458 2980 reeentt.
470 2931 532 2994 post
543 2930 597 2980 tres
605 2926 728 2981 inserunt
808 2926 829 2959 ¹⁰
846 2926 879 2979 A.
898 2927 932 2981 ab
943 2928 1043 2997 impetu
1053 2959 1085 2967 -
1096 2929 1133 2983 M.
1147 2930 1181 2985 ab
1191 2933 1315 3003 appetita

259 3010 376 3081 eupales

259 3196 332 3266 Cap.
348 3196 423 3252 x11.
444 3199 465 3230 ¹⁰
484 3196 524 3251 Of.
544 3197 736 3252 Antenornnns
754 3197 854 3264 Magna
871 3197 981 3250 moralia
990 3198 1011 3250 Ι.
1025 3203 1045 3251 1.
1056 3198 1099 3252 fin.
1107 3215 1176 3255 vers.
1200 3197 1314 3254 Ἄτοπον

191 3264 254 3336 γὰρ,
266 3262 339 3321 εἴτις
350 3263 513 3335 βουλόμενος
525 3265 555 3316 τὸ
568 3265 711 3334 τρίγωνον,
724 3263 759 3322 ὥς
773 3264 851 3317 δυσὶν
863 3263 961 3331 ὀρθαῖς
974 3263 1034 3323 ἴσας
1045 3264 1109 3336 ἔχον
1124 3268 1218 3328 δεῖξαι,
1236 3270 1314 3337 lupos

193 3327 282 3403 ἀρχὴν
300 3329 343 3384 ὅτι
361 3330 375 3396 ἡ
395 3332 467 3401 ψυχὴ
488 3329 636 3392 ἀθάνατος,
656 3350 733 3403 quem
749 3334 847 3398 locum,
864 3349 961 3402 graece
978 3349 1045 3389 ame
1054 3336 1214 3403 exhibitum,
1233 3354 1313 3406 quum

193 3403 250 3457 eius
273 3401 414 3457 translatio
441 3401 538 3455 Dentis
562 3407 683 3470 tempore
707 3402 807 3456 usitata
832 3417 886 3455 non
911 3402 947 3456 sit
963 3401 998 3455 ad
1022 3419 1133 3468 manus,
1164 3404 1204 3459 ita
1231 3407 1313 3461 vertit

192 3470 335 3526 (inermus
353 3468 464 3536 Vnum,
489 3475 609 3524 mortuus
633 3470 705 3524 eirea
726 3485 789 3523 ann.
816 3474 895 3524 1500:
924 3470 1096 3534 „Absurdum
1115 3473 1214 3541 quippe
1232 3474 1314 3528 fuerit

190 3538 290 3593 volenti
308 3537 448 3592 ostendere
465 3538 611 3606 tringulum
626 3538 731 3593 dnobus
744 3539 827 3592 rectis
837 3538 961 3605 aequales
973 3538 1074 3593 habere
1083 3542 1197 3608 angulos
1206 3557 1313 3597 sumere
1339 3552 1342 3562 '

211 3606 280 3730 rium
299 3605 354 3726 irpzn
376 3605 518 3659 eiusmodi:
550 3606 638 3659 anima
665 3605 825 3661 immortalis
854 3610 921 3660 est.“
993 3608 1014 3640 ¹³
1031 3607 1175 3662 Aucsoms
1200 3610 1310 3680 Purgat.

384 3758 481 3827 Vestra
498 3758 663 3828 oppressiva
681 3756 717 3811 da
733 3773 807 3812 esser
824 3773 919 3812 veraee

412 3826 521 3897 Trappe
538 3827 700 3891 intenzione,
717 3842 732 3879 e
748 3826 843 3880 dentre
862 3844 879 3880 a
897 3827 942 3880 voi
957 3826 984 3879 la
1001 3828 1106 3898 spiepu,

411 3893 440 3950 St
458 3893 507 3949 che
524 3892 633 3947 l'unimo
651 3893 689 3947 ad
705 3909 763 3948 essa
781 3894 873 3965 volper
889 3894 963 3964 face,

377 3961 404 4016 E
419 3978 456 4026 se,
473 3960 578 4024 rivolta,
597 3963 672 4015 inser
688 3960 719 4016 dt
734 3961 771 4016 lei
785 3964 811 4016 si
846 3964 915 4044 t'epa,

412 4029 481 4095 (luel
493 4031 607 4100 piepure
624 4031 637 4084 ὲ
654 4046 739 4095 amor,
757 3979 846 4101 queldd
864 4047 878 4085 e
895 4035 995 4084 natura

413 4097 468 4153 Cle
480 4114 535 4168 per
547 4099 645 4168 placer
662 4098 693 4152 di
707 4115 794 4152 nuovo
813 4101 840 4153 in
858 4100 904 4153 soi
919 4100 945 4153 si
960 4098 1030 4170 lepu.

412 4231 512 4299 Questa
548 4235 618 4289 rimu
634 4234 724 4305 aeplia

412 4300 500 4355 Marto
537 4302 547 4354 e·
563 4303 623 4356 Iode
640 4319 656 4357 o
675 4302 705 4356 di
721 4303 821 4358 diusmo
839 4317 892 4354 non
910 4318 984 4373 cape.
