2940 5040
304 308 438 364 DANTIS
456 308 675 364 MONARCHIA
691 310 713 362 I.
732 309 762 364 C.
781 316 804 366 6.
824 316 868 377 (8),
888 315 912 364 7.
930 314 976 377 (9).
1150 310 1187 372 13

63 483 150 563 Ergo
174 486 207 549 θῖ
229 481 307 548 ordo
328 481 362 546 in
383 487 473 566 parte
496 481 540 546 ad
561 479 703 548 ordinem
723 481 757 545 in
779 487 855 565 toto,
877 483 960 548 sicut
980 483 1025 548 ad
1048 482 1142 551 finem
1157 489 1189 549 et

64 583 229 667 optimum.
260 582 311 648 Ex
334 602 396 665 quo
418 583 562 666 habetur,
586 583 672 665 quod
692 584 817 650 bonitas
832 583 951 650 ordinis
966 585 1111 670 partialis
1125 605 1188 652 non

66 682 195 752 excedit
228 684 402 751 bonitatem
434 685 544 751 totalis
577 684 711 768 ordinis,
746 684 805 750 sed
836 687 939 768 magis
973 709 991 754 θ
1023 705 1221 755 conversos

65 789 170 869 Quum
196 804 272 868 crgo
302 786 421 870 duplex
450 786 527 853 ordo
555 787 733 869 reperiatur
758 787 793 851 in
819 789 929 871 rebus,
959 789 1036 855 ordo
1067 791 1189 858 scilicet

64 888 205 974 partium
226 888 309 953 inter
334 909 385 971 se,
415 892 447 954 θῖ
475 886 553 955 ordo
581 888 720 973 partium
747 888 791 953 ad
819 889 952 972 aliquod
978 910 1073 956 unum
1103 893 1189 975 quod

65 1011 128 1056 non
153 994 297 1074 estpars
321 987 416 1074 (siout
437 988 515 1056 ordo
537 990 675 1073 partium
698 990 855 1056 exercitus
876 992 960 1058 inter
980 1013 1026 1076 se,
1055 998 1087 1060 et
1109 994 1187 1061 ordo
1287 1006 1294 1015 '

66 1111 176 1158 carum
191 1090 235 1156 ad
250 1089 387 1177 ducem),
411 1090 489 1158 ordo
504 1091 642 1176 partium
657 1091 700 1157 ad
714 1112 810 1158 unum
825 1099 874 1159 θεῖ
888 1095 1008 1177 melior,
1024 1100 1188 1178 tamquam

57 1192 136 1260 finis
160 1193 308 1278 alterius;
338 1197 386 1259 est
408 1193 492 1260 enim
514 1194 597 1260 alter
617 1198 747 1280 propter
768 1194 865 1278 huno,
893 1216 957 1262 non
983 1218 1000 1263 θ
1024 1218 1186 1265 converso.
1207 1215 1238 1264 10

65 1293 159 1360 Unde
181 1294 210 1360 si
231 1294 331 1361 forma
353 1294 447 1359 huius
469 1294 589 1360 ordinis
614 1296 769 1380 reperitur
797 1296 829 1360 in
856 1298 1000 1382 partibus
1028 1298 1187 1366 humanae

65 1394 292 1480 multitudinis,
314 1396 413 1462 multo
435 1397 538 1478 magis
560 1396 656 1464 debet
676 1398 809 1482 reperiri
829 1399 862 1464 in
882 1399 953 1485 ipsa
975 1400 1186 1483 multitudine,
1209 1408 1217 1439 l

65 1498 133 1563 sive
156 1498 332 1581 totalitate,
354 1517 413 1581 per
434 1498 499 1563 vim
520 1498 699 1583 syllogismi
719 1502 904 1584 praemissi,
928 1521 1024 1584 quum
1046 1503 1088 1567 sit
1110 1501 1187 1569 ordo

64 1599 188 1683 melior,
210 1599 280 1665 sive
301 1598 403 1664 forma
425 1598 554 1666 ordinis.
586 1599 652 1667 Sed
665 1603 822 1685 reperitur
835 1603 867 1667 in
883 1603 1028 1670 omnibus
1043 1604 1188 1689 partibus

65 1701 224 1767 humanae
245 1700 465 1784 multitudinis,
490 1705 525 1766 ut
545 1723 603 1786 per
625 1722 664 1769 ea
686 1723 768 1786 quae
791 1704 876 1770 dicta
898 1710 971 1771 sunt
991 1706 1025 1770 in
1046 1706 1187 1790 capitulo
1207 1722 1237 1772 15

65 1800 285 1888 praecedenti,
312 1802 390 1868 satis
413 1807 462 1870 est
483 1803 698 1888 manifestum3
730 1823 804 1886 ergo
828 1807 914 1871 etin
935 1807 1006 1893 ipsa
1028 1809 1188 1875 totalitate

65 1904 238 1989 reperitur,
267 1904 335 1970 sive
362 1903 496 1990 reperiri
524 1903 628 1970 debet.
679 1906 721 1970 Et
748 1907 794 1972 sic
822 1929 932 1975 omnes
959 1915 1068 1994 partes
1095 1931 1185 1994 prac-

64 2009 194 2072 notatae
221 2005 303 2070 inira
330 2024 429 2087 regna
459 2011 491 2073 et
512 2006 583 2090 ipsa
604 2024 703 2088 regna
725 2006 864 2074 ordinari
888 2009 1005 2076 debent
1026 2010 1070 2075 ad
1091 2030 1186 2076 unum

67 2107 261 2193 Principem,
293 2107 362 2174 sive
383 2107 616 2192 Principatum,
639 2108 699 2175 hoc
722 2114 785 2193 est,
808 2109 851 2174 ad
872 2112 1094 2195 Monarcham‚
1118 2113 1187 2179 sive

65 2200 290 2275 Monarchiam.
1205 2231 1237 2281 ao

467 2426 589 2515 [CAPUT
611 2451 669 2498 vn.
698 2428 787 2518 (nep

149 2565 314 2649 Amplius,
348 2565 487 2630 humana
519 2567 710 2634 universitas
743 2572 792 2633 θεῖ
825 2567 986 2649 quoddam
1014 2574 1115 2636 totum
1144 2569 1188 2634 ad

67 2665 223 2749 quasdam
249 2673 373 2752 partes,
402 2675 434 2735 et
463 2672 510 2735 est
539 2668 696 2750 quaedam
724 2688 800 2752 pars
828 2669 870 2734 ad
893 2669 1054 2752 quoddam
1075 2676 1186 2738 totum.

66 2768 123 2834 Εεῖ
146 2768 231 2835 enim
253 2768 415 2852 quoddam
436 2774 537 2835 totum
554 2769 598 2835 ad
612 2789 710 2852 regna
724 2771 938 2855 particularia,
961 2778 993 2838 et
1008 2772 1185 2857 adgentes,

66 2876 100 2936 ut
121 2871 287 2956 superiora
308 2870 490 2955 ostendunt,
521 2876 553 2938 et
583 2877 631 2939 est
656 2872 814 2954 quaedam
835 2892 910 2956 pars
931 2868 977 2938 ad
995 2880 1096 2940 totum
1118 2876 1185 2940 uni-

67 2992 208 3055 versum,
235 2978 268 3039 et
288 2972 349 3039 hoc
370 2977 419 3039 θεῖ
442 2972 482 3037 (1θ
504 2992 540 3038 εθ
561 2973 772 3040 manifestum.
818 2974 906 3039 Sicut
933 2994 1009 3057 ergo
1037 2976 1219 3044 inferioras

68 3073 224 3141 humanae
252 3073 465 3141 universitatis
495 3075 574 3140 bene
602 3074 796 3161 respondent
822 3073 866 3138 ad
890 3075 1008 3160 ipsam,
1043 3079 1089 3143 sic
1116 3079 1187 3163 ipsa

69 3175 148 3243 bene
174 3174 289 3240 dicitur
315 3173 507 3259 respondere
536 3175 579 3241 ad
607 3196 698 3242 suum
726 3181 836 3243 totum.
879 3178 992 3246 Partes
1015 3179 1082 3245 eius
1104 3181 1186 3247 bene

68 3276 260 3364 respondent
288 3274 331 3340 ad
357 3277 461 3361 ipsam
488 3298 545 3362 per
573 3297 669 3342 unum
697 3278 887 3364 principium
914 3284 1052 3364 tantum,
1083 3286 1117 3345 ut
1146 3302 1186 3348 en

101 3478 601 3550 ⁵P.maqisetc.eoonv.-V.mapir
719 3480 834 3534 suntin
861 3481 985 3551 reliquis,
1013 3482 1104 3538 addidi
1126 3499 1186 3537 oum

133 3567 159 3616 et
175 3562 332 3617 cona-H.
345 3580 416 3635 may.
435 3567 599 3619 econtrario
717 3565 750 3616 A.
772 3569 800 3618 et
816 3565 849 3620 L.

101 3646 112 3678 ⁸
129 3645 199 3700 Edd.
216 3646 340 3702 sicardo
352 3649 477 3719 partirem
678 3649 698 3682 ¹⁸
715 3649 748 3702 H.
766 3650 797 3702 L.
815 3651 845 3704 P.
859 3651 889 3704 V.
900 3683 934 3690 ——
949 3652 982 3705 A.
1001 3653 1082 3707 iuxta
1099 3669 1186 3723 repara

92 3731 114 3764 ¹⁰
131 3730 161 3784 P.
179 3730 260 3785 aliter
273 3737 390 3802 propter
406 3730 479 3787 laurac
719 3741 745 3788 et
768 3720 829 3806 ipsa
852 3766 885 3775 -
908 3736 946 3790 M.
964 3738 992 3791 in
1010 3752 1097 3808 repca
1114 3743 1141 3790 et
1157 3738 1184 3791 ia

149 3815 182 3869 P.
198 3814 232 3869 V.
250 3832 305 3871 aon
323 3823 350 3870 et
366 3833 381 3870 e
399 3833 527 3871 converso
718 3819 862 3890 ipsa—F.
873 3826 900 3874 et
916 3823 956 3876 sic
974 3822 1035 3892 ἱρεα
1052 3822 1185 3893 repimiaa

93 3900 113 3934 ¹²
129 3900 162 3953 A.
181 3899 213 3952 F.
231 3899 266 3953 Η.
284 3900 317 3954 Ιι.
335 3901 374 3954 M.
391 3900 425 3955 V.
449 3933 484 3942 —
510 3902 541 3955 P.
560 3918 603 3957 re·
721 3909 748 3956 et
765 3905 826 3974 ipsa

128 3970 271 4055 patiretur
288 3991 322 4024 -'-
344 3985 414 4041 Edd.
437 3986 538 4042 dicitur
560 4003 602 4040 re·
653 3985 719 4057 Cap.
738 3987 796 4041 Vll.
832 3988 892 4042 ⁴F.
910 3994 937 4044 et
959 3990 1093 4060 quaedam
1116 4007 1187 4061 pars

127 4071 221 4142 periri
393 4128 398 4137 ,
687 4073 697 4104 ⁷
714 4072 758 4125 An
776 4071 853 4128 debet
868 4074 1051 4146 repondere?

93 4156 114 4188 ¹⁸
130 4155 162 4208 F.
177 4171 244 4226 erqo
261 4155 289 4208 in
307 4156 367 4226 ipos
735 4157 768 4209 Η.
780 4158 818 4212 ad
832 4175 910 4213 aarum
921 4165 1004 4215 totum
1014 4159 1116 4214 scilicet
1125 4159 1186 4214 urri-

93 4241 114 4273 ¹⁷
130 4239 222 4295 Verba
238 4243 375 4312 reperitur
391 4242 456 4307 sive,
473 4257 541 4310 quae
554 4241 598 4297 de·
717 4257 823 4296 vasum
