2940 5040
477 341 760 398 PROLEGOMENA.
1012 359 1014 364 ’
1103 345 1180 401 XLV

59 515 262 613 tegimenti)
297 541 333 588 ea
360 518 465 588 virum
494 517 652 612 produnt,
685 519 757 611 qui,
790 518 950 590 maturius
977 521 1179 612 examinatis,

56 669 135 742 quae
170 645 204 715 iu
240 654 410 739 utramque
443 653 568 739 partem
597 654 736 735 certant,
770 645 877 738 gentis
905 670 998 736 suae,
1032 661 1063 718 et
1097 672 1179 744 quos

56 772 167 844 habuit
193 769 460 868 praeceptorum,
487 771 670 843 tralatitiam
691 774 885 844 sententiam
906 773 1066 870 deposuit,
1093 777 1178 872 quod

55 899 87 971 in
114 899 294 971 admodum
323 897 442 993 juvene
469 901 521 970 vix
554 899 817 994 supponendum.
871 900 934 972 Sed
973 916 1004 973 et
1038 903 1071 974 in
1106 904 1179 999 ipso

55 1027 162 1123 operis
188 1027 301 1100 limine
328 1050 363 1098 se
389 1026 547 1122 „publicis
566 1027 772 1098 documentis
798 1027 983 1100 imbutum“
1008 1054 1078 1101 esse
1106 1055 1180 1128 pro·

55 1154 164 1227 fitetur
190 1164 318 1245 auctor,
344 1153 429 1250 quod
465 1155 492 1225 is
526 1154 659 1228 demum
695 1155 734 1225 de
769 1178 804 1224 se
839 1155 947 1226 dicere
974 1168 1096 1252 potest,
1123 1158 1177 1254 qui

56 1305 211 1354 curarum
238 1278 445 1376 Reipublicae
480 1281 755 1353 administrandae
790 1283 853 1353 iam
889 1285 1048 1380 particeps
1074 1286 1178 1357 lactus

56 1420 112 1481 est.
167 1407 276 1480 Prima
301 1431 378 1479 vero
404 1408 538 1501 vestigia
573 1409 674 1479 nostri
708 1409 741 1480 in
775 1411 914 1505 publicis
948 1413 1067 1507 patriae
1101 1436 1178 1485 suae

56 1537 195 1632 negotiis
228 1537 387 1608 versantis
421 1535 578 1632 praebent
610 1547 700 1631 gesta
728 1535 862 1609 Consilii
890 1537 1177 1612 Centumvirorum

55 1665 113 1737 sub
133 1665 185 1735 die
203 1664 240 1734 V.
262 1688 367 1735 mens.
394 1663 478 1735 lunii
501 1662 608 1735 1296.
654 1664 809 1735 Triennio
833 1676 907 1760 post
933 1661 979 1765 (d.
995 1666 1075 1737 Vlll.
1092 1664 1180 1766 Maji)

55 1791 202 1886 iungitur
236 1792 396 1887 legatione
432 1792 472 1862 ad
500 1788 719 1863 Communem
757 1791 867 1863 Sancti
896 1792 1091 1866 Geminiani.
1142 1795 1178 1866 ln

56 1918 112 1990 bos
148 1919 248 2010 igitur
280 1942 384 1990 annos
417 1919 688 2014 compositionem
724 1920 883 1991 librorum
918 1920 958 2003 de
992 1921 1179 1994 Monarcbia

55 2046 167 2116 cadere
195 2044 399 2140 conjicimus.

156 2169 239 2243 Cum
268 2173 328 2243 bac
355 2183 465 2244 nostra
489 2170 672 2265 conjectura
701 2173 836 2246 mirifice
855 2176 1062 2264 conveniunt,
1089 2201 1179 2273 quae,

55 2298 149 2393 louge
177 2299 272 2370 aliam
298 2300 553 2394 investigationis
570 2301 654 2372 viam
673 2302 852 2395 ingressus,
877 2300 916 2371 de
941 2302 1058 2405 eodem
1085 2328 1180 2399 argu·

55 2435 166 2497 mento
201 2426 312 2497 statuit
342 2425 609 2520 Roanunaus‚⁴⁶)
652 2428 729 2500 olim
775 2426 1062 2521 conjunctissimus
1100 2431 1179 2503 mibi

56 2553 194 2646 collega,
228 2577 310 2649 quo,
343 2556 597 2650 Argentoratum
625 2556 780 2646 abeunte,
815 2580 868 2629 me
902 2556 1071 2653 studiaque
1107 2581 1178 2629 mea

55 2681 173 2777 privata
192 2703 274 2770 esse,
296 2681 507 2753 vehementer
524 2681 630 2753 doleo.
675 2683 797 2754 Ultimo
824 2683 912 2754 enim
941 2685 1048 2780 operis
1076 2686 1179 2780 capite

56 2806 92 2878 de
125 2805 333 2879 Electoribus
367 2808 466 2898 dieta,
501 2818 639 2903 quatuor
671 2809 838 2881 Electores
872 2811 964 2881 initio
1003 2810 1100 2885 1298
1140 2812 1179 2883 de

55 2933 205 3031 bdolpho
221 2935 438 3025 Nassovieusi‚
456 2934 618 3031 Imperiali
637 2937 793 3032 dignitate
818 2937 973 3033 privando
999 2939 1179 3033 cogitantes

55 3071 216 3158 spectare,
250 3062 369 3154 integri
395 3086 471 3134 vero
506 3063 579 3135 libri
614 3065 818 3136 occasionem
853 3064 886 3135 in
922 3065 1049 3161 repulsa
1085 3090 1180 3162 quae·

121 3313 151 3377 ⁴⁵)
170 3309 388 3378 ‚Admirabar
401 3311 527 3381 equidem
543 3312 747 3381 aliqnando,
766 3315 918 3369 Romanum
928 3315 1060 3385 populum
1069 3315 1097 3369 in
1107 3316 1179 3372 Orbe

55 3404 322 3460 terrarnmsineulla
336 3404 490 3459 resistentia
508 3404 593 3460 fnisse
606 3406 788 3474 praefectum:
807 3422 889 3476 quum
909 3413 1042 3462 tantum
1061 3423 1180 3476 super·

57 3499 229 3553 ficialiter
257 3497 415 3560 intuens,
443 3497 518 3551 illum
546 3499 621 3553 nullo
644 3500 722 3570 pure,
749 3501 798 3555 sed
825 3516 960 3555 armornm
989 3502 1179 3557 tantummodo

57 3592 198 3659 violentia,
223 3591 376 3647 obtinuisse
399 3591 611 3647 arbitrabar.
650 3593 704 3648 Sed
731 3599 877 3663 postquam
902 3594 1059 3650 medullitus
1083 3597 1179 3652 oeulos

55 3686 153 3741 mentis
170 3679 256 3746 infixi,
272 3689 301 3738 et
318 3699 367 3752 per
386 3678 575 3739 efficacissima
593 3685 668 3754 signa
678 3687 804 3742 Divinam
822 3687 1021 3756 providentiam
1039 3689 1092 3743 hoo
1110 3689 1179 3744 effe·

55 3779 124 3834 cisse
134 3777 263 3846 cognovi,
272 3776 449 3832 admiratione
459 3778 583 3846 cedente,
593 3778 711 3834 derisivs
719 3781 853 3850 quaedam
863 3781 1179 3850 supervenitdespectio,

55 3885 136 3940 qnnm
160 3875 257 3938 gentes
275 3871 396 3924 noverim
416 3875 511 3925 contra
526 3870 643 3925 Romani
660 3874 755 3941 populi
773 3874 1012 3942 praeeminentiam
1026 3873 1178 3937 fremuisse,

56 3979 138 4033 quum
157 3964 266 4019 rideam
283 3964 401 4032 populos
418 3980 490 4019 vana
506 3965 685 4033 meditantes,
705 3973 741 4021 nt
758 3967 836 4035 ipse
855 3966 1023 4030 solebam,
1041 3968 1134 4035 Reges
1152 3972 1180 4023 et

54 4057 196 4126 Principes
213 4057 241 4111 in
259 4057 312 4112 hoe
322 4059 389 4113 vitio
405 4060 612 4122 concordantes,
621 4065 653 4114 nt
664 4060 845 4114 adversentur
855 4060 972 4115 Domino
982 4076 1041 4123 auo,
1051 4065 1079 4115 et
1097 4062 1178 4117 unico

54 4165 104 4206 sno
120 4151 248 4205 Romano
265 4150 409 4219 Principi.“

137 4246 172 4309 ⁴⁶)
189 4243 222 4297 ln
239 4243 372 4312 opusculo
390 4259 473 4312 supra
490 4245 611 4300 laudato.
