2940 5040
250 363 329 418 XXII
669 361 955 420 protectorum-A.

336 619 507 688 uosvan
530 621 589 684 un
612 618 1059 688 rnuunraumrronuu
1081 595 1292 688 svuaom.

355 793 396 864 Ut
414 793 584 864 obscurius
602 792 641 863 ah
660 802 791 863 auctore
818 804 930 864 nostro
958 794 1119 864 dictorum
1147 803 1270 864 rectam
1298 819 1370 865 sen·

250 922 385 994 tentiam
405 920 581 991 lectoribus
600 920 774 1015 aperirent,
800 921 853 1015 qui
882 920 1038 992 hactenus
1056 919 1278 991 Monarchiani
1306 923 1370 991 edi-

251 1051 380 1138 derunt,
408 1047 487 1118 nihil
515 1057 681 1118 caramnt.
733 1045 783 1117 Ah
810 1047 938 1141 integro
965 1049 1064 1143 igitur
1090 1060 1231 1120 reserat
1257 1072 1371 1143 aggre-

131 1239 136 1248 .
252 1177 379 1248 diendo,
434 1175 498 1246 Sed
526 1176 639 1268 lugere
667 1198 719 1246 me
748 1197 813 1244 non
840 1174 964 1270 potuit,
996 1175 1051 1246 tali
1086 1176 1194 1247 ollicio
1222 1200 1274 1246 me
1303 1201 1369 1246 non

251 1328 323 1375 esse
350 1327 472 1398 param.
517 1300 849 1395 Argumentationum
870 1300 966 1394 hujus
986 1302 1058 1374 libri
1078 1303 1258 1374 obscuritas
1280 1328 1372 1398 prae-

249 1431 362 1502 sertim
392 1431 425 1499 in
453 1454 491 1500 eo
519 1428 677 1519 consistit,
703 1428 790 1523 quod
808 1425 929 1498 Dentes
955 1430 988 1500 in
1015 1430 1371 1503 ratiocinandolormis

247 1569 283 1628 -et
316 1557 466 1627 terminis
493 1555 650 1638 technicis
678 1553 971 1646 Scholasticorurn‚
1007 1567 1118 1628 nostro
1151 1558 1305 1653 loquendi
1340 1569 1372 1629 et

251 1683 469 1756 concludendi
496 1683 570 1754 usui
596 1680 814 1772 alienissimis,
841 1683 952 1753 utitur.
996 1682 1047 1754 Mc
1074 1709 1151 1756 vcro
1179 1684 1239 1775 his,
1268 1695 1301 1757 ut
1327 1687 1369 1757 ita

252 1811 375 1900 dicam,
413 1810 574 1904 mysteriis
608 1808 674 1898 vix,
709 1818 741 1878 et
774 1833 814 1879 ne
848 1811 899 1880 vix
933 1812 1063 1907 quidem
1099 1813 1261 1884 initiatum
1289 1836 1370 1904 esse,

251 1960 349 2011 nemo
376 1938 494 2009 melius
521 1960 574 2008 me
601 1936 671 2032 ipso
697 1936 864 2032 percipere
883 1947 999 2034 potest.
1042 1938 1239 2011 Audendum
1259 1949 1368 2011 tamen

251 2066 339 2158 duxi,
364 2066 482 2137 auxilio
510 2065 702 2154 amicorum,
730 2087 782 2134 me
801 2064 996 2157 doctiorum,
1012 2067 1168 2157 confisus,
1185 2069 1271 2138 inber
1288 2092 1370 2163 quos

250 2193 482 2290 praecaeteris
509 2191 749 2282 doctissimum,
775 2192 919 2288 mihique
946 2193 1183 2265 amicissimum
1211 2195 1369 2289 collegam

251 2318 434 2393 Enunnuuu
460 2318 669 2390 Ennumnuu
696 2329 809 2412 gratus
837 2319 984 2389 nomino.
1027 2319 1143 2415 lllngno
1171 2324 1267 2392 etiam
1296 2323 1372 2394 suh·

249 2447 335 2518 sidio
364 2447 442 2518 mihi
469 2447 530 2518 luit
555 2446 692 2516 versio
710 2443 865 2536 Ficini,
893 2447 959 2541 qui,
986 2448 1061 2517 licet
1087 2448 1155 2542 ipse
1173 2447 1370 2540 Platonicus,

251 2574 490 2670 philosophiam
520 2572 969 2644 Aristotelicu·scholasticam
998 2575 1119 2670 optime
1146 2575 1290 2646 callebat.

328 2702 440 2797 Neque
481 2701 621 2771 sontes
660 2699 874 2794 negligendos
908 2723 979 2772 esse
1012 2702 1137 2798 putavi,
1182 2725 1220 2772 ex
1253 2703 1370 2798 quihus

253 2838 365 2900 noster
399 2828 520 2918 hausit,
552 2827 638 2897 inter
672 2851 754 2922 quos
781 2827 1038 2902 Aristoteles
1065 2830 1208 2925 primum
1247 2830 1371 2901 obtinet

251 2957 372 3028 locum.
419 2953 580 3026 Graecum
600 2953 771 3047 Stagirites
798 2965 921 3027 textum
950 2956 1087 3027 Dantem
1118 2981 1181 3028 non
1211 2956 1371 3046 hahuisse,

251 3090 375 3179 neque,
398 3083 424 3152 si
453 3080 636 3171 habuisset,
664 3081 845 3175 intelligere
872 3084 1027 3177 potuisse,
1054 3085 1149 3155 hodic
1176 3084 1244 3155 lere
1272 3108 1369 3155 nemo

253 3209 387 3281 dubiae
433 3209 506 3279 Non
533 3217 606 3303 apte
632 3206 733 3303 igitur
759 3233 873 3304 passus
901 3222 1046 3283 anostra
1073 3212 1219 3310 laudatos
1245 3212 1370 3307 graecis

252 3336 359 3415 verbis
385 3334 576 3405 attulissem.
617 3335 730 3431 Neque
757 3337 878 3408 rectius
905 3351 1053 3432 egerunt,
1079 3339 1284 3434 caeteroquin
1314 3364 1370 3434 op-

252 3463 332 3534 time
352 3462 467 3553 meriti,
485 3460 744 3534 Mediolanenses
764 3461 908 3534 Convivii
934 3466 1076 3537 editores
1095 3462 1232 3565 (1826);
1250 3491 1369 3562 appen-

252 3588 334 3660 dicis
367 3589 438 3660 loco
467 3615 547 3685 quae
574 3587 696 3659 [lantes
723 3615 761 3660 ex
787 3590 960 3663 Aristotele
988 3593 1153 3683 citaverat,
1187 3593 1368 3664 secundum

252 3717 419 3789 versiones
446 3717 565 3789 saeculi
593 3716 712 3787 decimi
738 3719 840 3813 quinti
868 3730 900 3790 et
927 3718 1046 3791 decimi
1072 3720 1170 3810 sexti,
1203 3731 1239 3790 ut
1265 3699 1370 3791 Theo-

253 3844 326 3916 dori
362 3842 481 3934 Gazae,
512 3843 681 3915 Francisci
715 3844 854 3936 Vatahli,
888 3844 1019 3941 Georgii
1054 3847 1177 3937 Vallae,
1211 3845 1369 3918 lobannis

254 3971 448 4066 Argyropuli
478 3970 546 4042 rell.
575 3971 781 4058 exirihentes3
816 3974 1036 4046 certissimum
1064 3975 1152 4045 enim
1181 3986 1245 4066 est,
1272 3975 1368 4045 etiam

254 4098 305 4169 his
338 4097 480 4169 vestibus
514 4096 665 4170 indutum
700 4100 906 4171 Aristotelem
943 4100 1038 4172 Danti
1074 4102 1174 4173 luisse
1208 4103 1369 4198 ignotum.

247 4225 303 4309 Ad
323 4249 377 4296 eas
396 4224 494 4320 igitur
512 4225 680 4298 versiones
707 4238 775 4298 erat
789 4226 1037 4318 recurrendum,
1064 4227 1096 4298 in
1125 4229 1243 4324 quibus
1271 4255 1368 4327 opera
