2940 5040
387 312 521 367 DANTIS
539 312 757 368 MONARCHIA
774 314 823 368 ΠΙ.
843 315 870 370 C.
890 321 913 370 4.
1164 316 1204 376 97

85 487 175 551 velut
197 483 312 551 artifex
334 482 463 550 inferior
485 485 644 571 dependet
658 487 699 551 ab
721 485 904 570 architecte,
926 488 1070 573 pluribus
1092 489 1205 556 adver-

85 588 131 652 sis
146 585 342 669 argumentis
357 592 532 670 moventur,
557 607 638 669 quae
656 586 784 668 quidem
800 589 839 654 dc
862 609 978 654 sacra
994 589 1206 676 Scriptura

85 689 232 772 eliciunt,
267 692 299 753 et
333 678 374 753 de
405 689 594 768 quibusdam
625 688 756 770 gestis
788 694 854 753 tam
887 692 1002 755 summi
1034 692 1238 777 Pontifieis,5

85 810 182 872 quam
204 789 304 873 ipsius
318 789 530 874 Imperatoris,
552 790 737 856 nonnullum
760 811 836 857 vero
858 792 1031 858 rationis
1054 793 1205 859 indicium
1242 777 1248 807 ¹

85 894 205 959 habere
227 892 375 958 nituntur.

173 993 291 1058 Dicunt
313 995 396 1060 enim
418 993 562 1078 prime,
586 993 758 1059 secundum
780 994 967 1079 scripturam
983 995 1205 1083 Genesees,

85 1095 174 1180 qrued
189 1096 278 1161 Deus
296 1096 371 1161 feeit
393 1095 467 1162 duo
490 1113 631 1177 magna
653 1095 884 1179 luminaria,
913 1097 1067 1164 luminare
1090 1099 1204 1184 majus,

85 1204 118 1265 et
146 1197 302 1263 luminare
330 1198 449 1281 minus,
479 1203 514 1261 ut
541 1198 676 1262 alterum
703 1202 867 1281 praeesset
895 1196 974 1280 dici,
1010 1204 1041 1264 et
1069 1201 1205 1266 alterurn
1225 1219 1256 1269 10

85 1299 180 1365 noeti.
218 1299 308 1377 Quae
332 1299 502 1380 allegorice
518 1297 603 1364 dicta
626 1318 697 1365 esse
719 1298 941 1380 intelligebant
961 1300 1024 1364 ista
1039 1300 1101 1368 due
1124 1303 1204 1387 regi-

85 1401 182 1484 mina,
205 1400 328 1464 scilicet
351 1400 571 1484 spirituale
594 1406 626 1467 et
648 1400 883 1484 temporale.
920 1401 1046 1469 Deinde
1061 1411 1204 1488 arguunt,

85 1501 174 1582 orrod
203 1501 469 1584 quemadmodum
498 1505 604 1586 Luna,
634 1522 716 1585 qnae
745 1506 794 1566 est
821 1502 976 1568 luminare
998 1504 1116 1585 minus,
1142 1526 1206 1571 nen

84 1669 151 1737 Cap.
172 1668 217 1722 ΙΙΙ.
262 1667 323 1721 ³V.
343 1667 472 1739 pluribus
495 1687 512 1722 a
534 1669 620 1722 direr—
655 1736 656 1740 ἵ
739 1669 869 1728 videatur,
894 1686 980 1738 neque
1006 1670 1116 1724 Ficinus
1141 1686 1206 1725 een-

153 1755 191 1807 εἰς
209 1783 240 1794 -
256 1752 333 1818 Eud,
353 1752 449 1819 quibus
469 1752 621 1808 consentire
739 1753 885 1807 sentiat-
896 1754 997 1810 Frutic.
1016 1771 1077 1809 cum
1094 1756 1133 1809 Μ.
1151 1772 1205 1811 non

154 1838 258 1891 uidetur
284 1837 409 1903 Ficinus,
438 1839 568 1909 plurilus
595 1843 621 1890 et
739 1839 906 1892 allambere

154 1922 269 1976 diversis
756 1924 872 1977 rationis
889 1923 1042 1977 nonhabet
1060 1923 1093 1976 H.

129 2009 139 2039 ⁴
157 2007 188 2061 P.
206 2008 374 2077 deprimentis
390 2014 524 2061 metuentes
701 2009 722 2038 ¹⁰
739 2007 773 2060 H.
791 2013 822 2060 at
838 2023 921 2060 reatum
931 2014 1073 2079 praeesset

171 2092 203 2145 F.
217 2091 405 2162 quaepiam
417 2098 579 2163 arpurneata
588 2092 622 2146 de
756 2092 788 2145 L.
806 2092 872 2156 diei,
890 2090 1021 2156 aiterum,
1040 2092 1137 2146 omisso
1156 2098 1183 2147 et

128 2176 311 2230 6Ιιιιιίοιιιιιι
331 2177 432 2230 collium
451 2193 524 2242 uero,
541 2192 620 2244 quam
756 2177 790 2229 A.
808 2176 840 2230 F.
852 2176 884 2229 L.
902 2176 932 2230 P.
942 2176 974 2229 V.
993 2176 1109 2231 alterum
1121 2194 1206 2248 prae·

154 2261 216 2315 clim
235 2278 285 2330 pre
304 2261 461 2315 cronnulbrm
479 2277 541 2314 eero
556 2260 620 2315 sub·
740 2267 809 2314 esset
826 2262 901 2315 necti

155 2345 317 2400 stituendam
345 2361 405 2399 esse
432 2345 549 2415 conjeci,
574 2361 620 2399 ex·
701 2348 721 2380 ¹²
736 2345 852 2410 seilicet,
870 2343 1020 2400 addidimus
1042 2362 1103 2401 eum
1120 2348 1154 2400 A.
1172 2348 1204 2401 L.

153 2431 229 2484 hibet
247 2431 303 2485 codv
314 2431 348 2483 A.
359 2430 516 2498 Respiciens
531 2434 621 2484 tamen
738 2430 770 2483 P.
788 2430 820 2482 V.

155 2515 190 2569 ad
207 2515 461 2584 eaquaehabentur
478 2515 618 2584 incepti
756 2520 889 2585 ceperunt,
914 2515 999 2584 qued,
1023 2531 1084 2570 cunr
1101 2516 1205 2584 Ficino,

155 2599 242 2663 (uobis
273 2604 323 2665 12.)
352 2600 458 2654 restitui
483 2599 621 2668 antiquam
739 2599 841 2652 habent
858 2615 957 2666 omnes,
975 2600 1054 2655 abest
1065 2602 1099 2656 ab
1118 2602 1205 2658 editis.

155 2684 304 2750 lectionem,
323 2699 403 2752 quam
418 2684 527 2737 firmam
544 2683 621 2737 codd.
701 2685 721 2716 ¹³
738 2683 769 2736 F.
783 2683 858 2753 quod
874 2684 1031 2739 sicutLaua
1044 2715 1067 2723 —
1085 2685 1115 2740 P.
1132 2687 1208 2757 quod

154 2769 185 2821 F.
204 2768 238 2821 H.
257 2769 289 2822 L.
307 2769 337 2821 P.
355 2769 388 2823 V.
416 2768 479 2822 lieet
506 2768 621 2822 crationi
740 2768 851 2838 anrrado
869 2767 949 2821 Luam

154 2853 273 2919 ctiam,
291 2854 333 2908 vel
351 2854 436 2907 simile
445 2853 509 2922 quid
527 2852 620 2907 deesse

154 3005 227 3074 Cap.
243 3005 295 3062 IV.
324 3007 334 3038 ⁸
353 3006 496 3060 Genesis
514 3005 535 3058 Ι.
549 3010 587 3058 15.
602 3010 638 3060 16.
703 3008 725 3039 ¹⁰
743 3006 903 3075 Scriptores,
922 3005 967 3074 qui
984 3006 1070 3061 medio
1088 3023 1153 3063 aeuo
1171 3008 1204 3064 de

84 3075 138 3128 hoc
149 3078 307 3142 argumento
317 3078 477 3140 tractarunt,
496 3078 620 3128 recenset
629 3075 701 3128 Aen.
713 3073 877 3128 Farnnnnnc
887 3074 928 3126 De
937 3072 1031 3128 finium
1039 3075 1204 3131 intereccle·

84 3143 153 3197 siam
171 3151 198 3195 et
216 3142 348 3196 ciuitatem
365 3142 545 3210 regundorum
561 3141 663 3209 judicic
681 3142 756 3210 Lips.
779 3148 849 3196 1861.
890 3184 892 3190 «
913 3146 1022 3196 {tt-lb.
1053 3142 1093 3196 ef.
1111 3144 1203 3198 Eun·

86 3211 160 3264 dem
177 3210 205 3263 in
216 3211 387 3278 Ephcmerid.
403 3210 474 3279 juris
492 3208 671 3264 ceclesVIII.
683 3214 792 3264 84—56.
826 3159 950 3264 Sudiciat
967 3210 1099 3264 adducere
1116 3212 1202 3266 locum

86 3277 216 3347 epistolae
240 3279 404 3332 lnuoceurrr
427 3279 481 3343 ΙΙΙ,
509 3279 544 3332 ad
568 3278 691 3332 Aletrium
717 3279 759 3330 An
779 3278 847 3332 elnm
873 3278 990 3332 Orientis
1013 3279 1204 3347 Imperatorem

84 3347 204 3414 scriptae
231 3347 397 3401 ‹Decretales
416 3347 536 3415 Gregorii
554 3347 601 3399 IX.
619 3345 680 3401 Lib.
699 3346 719 3398 1.
771 3347 799 3399 ἰι.
818 3351 858 3398 33.
877 3361 935 3413 cap.
956 3352 970 3398 o
989 3349 1004 3411 ᾗ
1023 3351 1063 3410 ιιι
1099 3348 1204 3413 „Nosse

85 3414 221 3480 debemus,
241 3415 311 3483 quod
328 3415 478 3469 lecitDeus
497 3414 658 3481 duomagna
675 3413 817 3467 luminaria
835 3413 1054 3468 infirmamento:
1072 3415 1204 3471 luminare

84 3483 182 3550 majus,
201 3490 231 3536 ut
248 3490 385 3552 praeesset
402 3482 462 3546 dici,
481 3489 508 3536 et
525 3481 656 3537 luminare
673 3482 769 3547 minus,
786 3487 817 3535 ut
834 3486 972 3550 praeesset
989 3484 1070 3536 nocti.
1095 3483 1204 3537 Utrum·

85 3565 138 3618 que
155 3566 292 3618 magnnm3
312 3551 357 3604 sed
376 3552 487 3605 alterum
506 3551 602 3619 majus,
621 3549 684 3618 quia
701 3550 807 3604 nomine
825 3549 893 3604 eceli
906 3550 1061 3617 designatur
1070 3551 1203 3618 Ecclesia,

80 3619 163 3686 juxta
190 3619 261 3687 quod
284 3618 392 3673 Veritas
416 3619 466 3672 ait:
503 3618 612 3682 „Simile
635 3622 677 3672 est
699 3634 810 3686 regnum
836 3618 971 3672 coelorum
994 3618 1094 3673 homini
1120 3621 1204 3687 patri-

85 3687 213 3752 familias,
238 3687 283 3755 qui
309 3703 410 3740 summo
436 3702 514 3739 mane
536 3685 665 3739 conduxit
688 3687 825 3755 operarios
847 3687 875 3739 in
892 3687 996 3740 vineam
1014 3690 1118 3740 suam.“
1151 3689 1205 3742 Per

85 3754 154 3808 diem
172 3771 234 3809 vero
253 3754 400 3821 spiritualis
419 3753 565 3821 accipitur,
589 3760 617 3807 et
633 3769 683 3823 per
700 3761 805 3808 noctem
824 3755 952 3818 carnalis,
976 3754 1097 3808 secundu
1132 3772 1203 3877 (pro-

85 3821 223 3891 pheticum
241 3823 421 3876 testimonium
448 3821 521 3886 „dies
542 3821 593 3874 diei
611 3825 717 3876 eructat
734 3823 859 3888 verbum,
884 3828 911 3875 et
935 3838 989 3875 nox
1012 3823 1084 3876 nocti
1102 3823 1129 3875 in
1150 3824 1204 3878 icat

86 3891 252 3944 scientiam.“
287 3890 329 3943 Ad
348 3890 544 3944 firmamentum
561 3889 642 3957 igitur
660 3891 734 3955 coeli,
753 3890 805 3944 hoc
823 3893 865 3944 est
880 3889 1035 3944 universalis
1053 3891 1202 3958 Ecclesiae,

84 3958 150 4012 feeit
159 3959 234 4013 Deus
252 3959 305 4012 dno
324 3974 420 4026 magna
438 3957 588 4021 luminaria,
607 3958 634 4011 id
652 3962 694 4012 est
711 3959 777 4013 duas
789 3974 899 4025 magnas
917 3958 1033 4012 instituit
1050 3958 1202 4026 dignitates,

85 4041 155 4094 quae
180 4031 244 4080 sunt
260 4027 427 4080 Pontificalis
450 4025 614 4091 aucteritas,
642 4031 668 4080 et
684 4026 791 4093 Regalis
816 4032 945 4094 potestas.
981 4026 1034 4080 Sed
1055 4027 1114 4093 illa,
1133 4044 1202 4096 quae

84 4102 193 4162 praeest
210 4095 320 4154 diebus,
345 4094 372 4147 id
390 4102 431 4148 est
449 4094 648 4162 spiritualibus,
672 4095 758 4162 major
775 4100 829 4160 est;
855 4110 922 4163 quae
939 4110 1001 4148 vero
1020 4095 1158 4152 noctibus.
1175 4097 1202 4150 id

85 4167 128 4215 est
145 4163 310 4231 carnalibus,
334 4162 434 4227 minor,
456 4166 488 4215 ut
506 4167 607 4230 quanta
625 4166 665 4216 est
683 4162 751 4216 inter
770 4163 853 4216 solem
872 4169 899 4217 et
916 4163 1018 4228 lunam,
1037 4165 1115 4218 tanta
1131 4165 1204 4219 inter

84 4231 232 4286 Pontifices
249 4238 276 4285 et
293 4231 379 4300 Reges
398 4230 548 4285 differentia
567 4234 770 4298 cognoscatur.“

1050 4320 1064 4368 Ι
