2940 5040
201 303 259 366 128
377 308 512 363 Daurrs
531 309 744 364 pressantur
761 309 809 364 111.
829 311 859 364 e.
880 315 918 365 rr.
938 315 999 376 (rr.)
1020 316 1058 367 13.
1078 315 1140 378 (rr.)

199 480 462 547 differentialibus
485 481 693 566 descenduut;
724 484 829 565 Papa,
861 486 893 547 et
914 482 1104 567 Imperator,
1137 504 1239 565 quum
1261 483 1317 549 sint

150 601 181 652 60
199 582 348 665 relativa,
372 583 480 649 reduci
495 585 658 651 habebunt
680 582 723 647 ad
737 583 869 665 aliquod
883 604 979 650 unum
1001 586 1034 649 iu
1056 605 1118 668 quo
1138 586 1317 669 reperiatur

198 683 267 767 ipse
289 691 452 768 respectus
480 685 756 770 superpositionis,
785 685 909 766 absque
938 675 1206 752 differentialibirs
1238 687 1316 752 aliis.

197 786 238 850 Et
260 787 320 852 hoe
342 787 402 854 erit
424 787 476 852 vel
499 787 568 871 ipse
591 787 693 869 Deus,
722 787 755 850 in
784 807 846 868 quo
875 793 1037 870 respectus
1060 789 1162 854 omnis
1194 789 1318 855 unirer-

197 889 307 954 saliter
334 889 452 972 unitur3
490 890 541 954 uel
570 889 679 969 aliqua
707 888 883 953 substantia
912 889 982 955 Deo
1011 889 1154 973 inferior,
1194 890 1230 955 in
1261 910 1320 973 qua

197 996 360 1073 respectus
382 990 653 1075 superpositionis,
676 1011 735 1075 per
756 989 970 1056 differentiam
993 992 1279 1076 superpositionis,
1300 1012 1319 1056 a

149 1095 180 1148 65
199 1092 336 1176 simplici
357 1098 502 1177 respectu
518 1092 724 1175 descendens,
746 1092 960 1177 particuletur.
997 1093 1039 1157 Et
1053 1093 1099 1158 sio
1113 1098 1216 1178 patet,
1235 1093 1321 1176 quod

197 1196 288 1278 Papa
310 1199 341 1261 et
363 1197 552 1279 Imperator,
577 1196 611 1260 in
633 1199 784 1278 quantum
806 1194 965 1277 homines,
995 1195 1115 1260 babent
1137 1194 1251 1260 reduci
1281 1194 1322 1260 ad

195 1317 324 1380 unum;
348 1297 380 1360 in
404 1303 556 1377 qnantum
579 1319 653 1364 vero
676 1298 767 1381 Papa
795 1301 828 1361 et
850 1298 1039 1380 Imperator,
1068 1295 1269 1362 adalind:
1293 1302 1323 1362 et

196 1419 253 1482 per
274 1399 335 1463 boo
356 1403 446 1482 patet
468 1397 510 1461 ad
532 1399 695 1465 rationem.

582 1641 712 1713 [aarum
729 1657 802 1703 xm.
828 1634 934 1721 (xn.)]

280 1785 398 1851 Positis
414 1792 446 1853 et
468 1787 606 1853 exclusis
622 1788 790 1870 erroribus,
815 1789 930 1870 quibus
946 1788 1111 1873 potissime
1132 1786 1320 1872 innituntur,

198 1887 252 1969 qui
280 1889 415 1953 Romani
443 1888 643 1972 Prinoipatus
678 1890 902 1954 auctoritatem
937 1888 1118 1973 dependere
1155 1887 1268 1954 dieunt
1303 1910 1322 1954 a

195 1989 338 2056 Romano
361 1989 522 2071 Pontifim,
545 1987 741 2055 redeundum
765 1994 812 2053 est
834 1987 877 2050 ad
895 1989 1125 2055 ostendendum
1147 1991 1319 2058 veritatem

196 2091 290 2175 hujus
312 2092 426 2159 tertiae
449 2091 657 2173 quaestionis,
691 2108 771 2170 quae
794 2109 814 2152 a
835 2088 991 2173 principio
1021 2091 1223 2158 discutienda
1246 2114 1318 2177 pro·

163 2224 177 2272 5
196 2195 387 2278 ponebatur:
410 2213 492 2275 quae
515 2192 644 2274 quidem
667 2191 786 2257 ueritas
802 2189 970 2275 apparebit
986 2192 1187 2276 sufficienter,
1211 2194 1240 2259 si
1257 2197 1317 2262 sub

195 2294 337 2381 praefixo
360 2295 514 2380 principio
537 2291 734 2377 inquirendo,
760 2294 938 2378 praefatam
960 2295 1182 2358 atrotoritatem
1204 2295 1317 2363 imme-

197 2396 282 2463 diate
306 2396 487 2481 dependere
510 2416 529 2459 a
553 2396 688 2461 eulmine
710 2396 807 2461 totius
830 2395 911 2460 eutis
935 2393 1117 2472 ostendero,
1149 2396 1202 2474 qui
1225 2399 1319 2464 Deus

196 2505 252 2566 est.
297 2499 338 2562 Et
366 2500 426 2564 hoo
455 2498 514 2564 en't
536 2503 711 2581 ostensum,
741 2499 792 2564 vel
823 2497 850 2563 si
872 2496 1043 2562 auotoritas
1066 2496 1231 2562 Ecclesiae
1257 2521 1318 2566 re-

196 2605 407 2667 moveatur
428 2600 469 2664 ab
492 2599 564 2683 illa,
589 2619 684 2681 quum
707 2598 747 2664 de
769 2600 834 2664 alia
856 2598 982 2663 nonsit
1005 2597 1185 2679 altercati03
1211 2602 1266 2666 rel
1291 2601 1318 2666 si

149 2719 179 2770 ro
198 2701 357 2769 ostensive
378 2701 587 2786 probetur,
610 2720 630 2764 a
652 2701 723 2767 Deo
744 2699 929 2766 immediate
953 2698 1141 2785 dependere.

278 2802 371 2883 Quod
385 2809 492 2869 autem
515 2803 686 2868 auctoritas
701 2802 866 2869 Ecclesiae
881 2823 945 2868 non
967 2802 1009 2866 sit
1024 2821 1119 2866 eausa
1133 2801 1318 2884 Imperialis

221 3023 244 3056 ⁶⁰
260 3021 290 3075 P.
308 3021 437 3086 relatiua,
455 3020 551 3075 reduci
563 3019 661 3076 babent
781 3019 846 3090 Cap.
864 3020 937 3074 XlIl.
976 3022 993 3085 ¹,
1008 3020 1019 3052 ²
1036 3019 1069 3073 L.
1080 3019 1178 3090 quibus
1194 3021 1317 3074 errauirne

222 3108 243 3141 ⁰¹
263 3107 294 3160 F.
312 3108 469 3176 reperiatur
486 3105 518 3160 ill
847 3107 964 3160 intuitur
981 3104 1031 3174 qui
1045 3105 1151 3158 ratione
1163 3105 1255 3173 princ.

278 3192 310 3245 L.
335 3192 368 3245 M.
398 3191 428 3244 P.
455 3195 595 3262 respectus
626 3206 728 3262 suppo·
823 3189 882 3242 ⁴F.
901 3190 1037 3243 ueritatem
1064 3189 1158 3242 tertiae
1180 3190 1318 3257 quaestio-

261 3278 367 3331 sitionis
846 3276 940 3328 nis-
962 3273 993 3326 P.
1012 3274 1087 3327 verit.
1106 3270 1190 3342 bujus
1207 3278 1313 3342 piraeo.

222 3362 252 3416 ⁰2.
272 3363 294 3394 ⁸³
312 3361 345 3414 V.
357 3349 497 3431 respectus
514 3361 600 3415 omisis
617 3365 728 3414 tratura·
850 3391 879 3398 -
916 3359 1053 3412 ueritatem
1090 3356 1258 3411 desideratur
1287 3359 1315 3412 in

263 3445 324 3499 liter
341 3447 435 3498 unitur
486 3472 488 3477 ·
847 3443 905 3498 eod.
923 3442 956 3496 V.

222 3530 245 3563 ⁶³
261 3530 296 3584 H.
314 3530 346 3582 L.
364 3530 402 3583 M.
420 3529 450 3582 P.
473 3530 499 3582 in
519 3546 574 3600 qua
590 3535 728 3600 respectus
823 3529 841 3594 ⁵,
861 3528 871 3561 ⁰
889 3526 1072 3596 sufficienter,
1089 3527 1221 3599 praefixo
1233 3527 1313 3597 prin-

261 3615 458 3686 suppositionis
846 3613 918 3683 cepio
948 3641 978 3650 -
1005 3610 1037 3664 P.
1061 3611 1125 3680 suff.
1148 3611 1197 3667 sub
1215 3611 1312 3682 praef.

277 3699 369 3753 Verba
377 3714 433 3770 per
442 3697 625 3768 differentiam
635 3713 729 3769 super·
841 3698 933 3768 prino.
944 3695 1021 3750 -M.
1040 3696 1104 3765 suff.
1114 3697 1141 3749 si
1154 3693 1203 3749 sub
1213 3694 1310 3765 praef.

257 3785 405 3858 positionis
423 3782 521 3837 desunt
543 3783 572 3836 in
603 3781 726 3836 omnibus
848 3780 948 3835 indicio

260 3869 346 3937 codd,
377 3869 425 3924 sed
450 3869 585 3922 habentur
608 3866 636 3920 in
655 3881 723 3920 vers.
822 3866 832 3898 ⁷
849 3864 887 3918 M.
906 3864 1057 3931 dependere
1073 3881 1091 3917 a
1113 3862 1212 3917 lumine
1230 3864 1313 3918 totius

260 3954 357 4009 Fioini.
822 3949 833 3982 ⁹
849 3952 882 4002 A.
901 3965 963 4004 eum
981 3949 1015 4003 de
1031 3948 1087 4003 alio
1104 3963 1158 4000 non
1175 3948 1211 4001 sit
1228 3976 1261 3986 —
1278 3947 1312 4001 H.

220 4041 243 4074 ⁸⁵
259 4040 320 4094 La
336 4039 454 4110 simplici
466 4035 728 4093 relatudeseendens
846 4039 884 4092 tet
901 4033 987 4088 versio
1006 4032 1100 4096 Fieini)
1125 4047 1186 4086 eum
1209 4031 1243 4086 de
1264 4033 1297 4087 ill

221 4125 243 4158 ⁰⁰
261 4124 298 4177 M.
318 4125 414 4180 debent
430 4124 527 4179 reduci
542 4122 580 4178 ad
597 4138 681 4177 unum
849 4136 875 4172 n.
895 4119 931 4172 sit

221 4210 244 4244 ⁶⁸
261 4208 292 4261 L.
306 4226 361 4279 per
378 4207 429 4263 boe
440 4212 521 4279 patet
537 4208 640 4262 rationi
863 4203 893 4256 P.
912 4218 969 4257 non
986 4203 1021 4257 sit
1038 4199 1164 4256 alteratio
