2940 5040
431 373 566 430 usuris
583 372 802 429 MONAROHIA
818 375 840 428 1.
858 375 887 430 G.
907 378 930 428 3.
949 378 996 442 (t).
1251 371 1268 431 7

150 547 191 612 Et
219 547 280 612 hoc
313 546 472 629 quaeritur
499 546 551 612 hic
578 552 730 628 tanquam
756 546 945 631 principium
976 546 1190 629 inquisitionis
1223 546 1268 613 di·

148 648 312 716 sectivum.

235 751 369 834 Pmpter
393 748 480 831 quod
502 749 665 816 sciendum
687 754 736 816 est
756 749 868 832 primo,
893 750 979 831 quod
993 750 1082 816 Deus
1104 755 1137 816 et
1157 755 1271 814 natura
1289 765 1320 814 15

150 852 195 918 nil
218 851 354 918 otiosum
375 850 465 934 facit3
489 850 547 918 sed
569 849 725 933 quidquid
737 851 845 934 prodit
858 852 891 915 in
906 871 986 936 esse,
1009 851 1116 918 estad
1130 852 1271 934 aliquam

151 953 380 1040 operationem.
417 952 490 1018 Non
512 953 596 1018 enim
619 952 759 1020 essentia
779 953 846 1018 ulla
868 959 975 1019 creata
993 954 1122 1019 ultimus
1137 952 1208 1019 finis
1223 960 1271 1020 est

150 1057 185 1121 in
205 1055 381 1122 intentione
404 1054 549 1138 creantis,
571 1054 604 1118 in
627 1060 779 1136 quantum
802 1074 922 1138 creans,
945 1054 1003 1120 sed
1021 1054 1150 1139 propria
1165 1074 1270 1120 essen·

151 1158 215 1224 tiae
238 1156 390 1242 operatio.
431 1155 525 1222 Unde
547 1162 611 1239 est,
636 1157 722 1237 quod
743 1177 807 1223 non
829 1156 971 1240 operatio
992 1155 1122 1241 propria
1142 1162 1272 1241 propter

152 1260 334 1342 essentiam,
356 1259 414 1325 sed
436 1258 517 1324 haec
538 1264 668 1343 propter
688 1258 779 1323 illam
800 1259 899 1325 habet
920 1263 955 1323 ut
977 1258 1026 1325 sit.
1288 1254 1321 1306 ²⁰

237 1362 296 1426 Est
318 1378 393 1441 ergo
416 1359 526 1441 aliqua
546 1359 676 1444 propria
698 1360 841 1445 operatio
864 1359 1021 1424 humanae
1047 1360 1270 1442 universitatis,

153 1464 196 1529 ad
218 1482 315 1545 quam
335 1461 407 1545 ipsa
428 1461 619 1528 universitas
641 1461 803 1527 hominum
823 1462 856 1525 in
871 1469 960 1528 tanta
974 1461 1174 1528 multitudine
1189 1460 1271 1528 ordi·

153 1570 261 1648 natur,
286 1562 333 1629 ad
362 1582 456 1645 quam
486 1561 614 1645 quidem
643 1563 860 1649 operationem
887 1584 947 1630 nec
974 1563 1068 1630 homo
1091 1583 1186 1647 unus,
1214 1583 1274 1630 nec

154 1667 267 1734 domus
288 1686 367 1749 una,
395 1685 454 1730 nec
482 1685 546 1730 una
574 1664 704 1748 vicinia,
733 1686 793 1733 nec
820 1686 883 1730 una
905 1665 1033 1750 civitas,
1061 1687 1121 1732 nec
1142 1684 1274 1747 regnum

154 1768 345 1857 particulare
360 1766 540 1852 pertingere
554 1771 668 1850 potest.
701 1768 790 1847 Quae
806 1772 913 1832 autem
928 1766 970 1831 sit
983 1766 1050 1850 illa,
1071 1766 1274 1833 manifestum
1291 1779 1322 1829 25

154 1871 217 1956 fiet,
241 1870 268 1936 si
291 1868 436 1934 ultimum
451 1867 491 1933 de
505 1868 649 1952 potentia
663 1868 760 1935 totius
774 1867 980 1933 humanitatis
995 1873 1159 1953 appareat.
1192 1868 1273 1934 Dico

155 1991 240 2056 ergo,
264 1970 351 2054 quod
371 1971 460 2036 nulla
481 1969 540 2052 ris,
564 1990 584 2034 a
604 1970 749 2053 pluribus
774 1970 881 2055 specie
910 1968 1044 2037 diversis
1065 1970 1273 2054 partecipata,

155 2075 301 2140 ultimum
323 2076 371 2140 est
393 2071 433 2138 de
455 2071 599 2157 potentia
620 2071 754 2137 alicuius
775 2071 910 2137 illorum.
951 2072 1042 2156 Quia,
1066 2090 1163 2153 quum
1183 2069 1273 2154 illud,

156 2176 242 2260 quod
264 2181 313 2242 cst
334 2173 479 2239 ultimum
500 2174 581 2257 tale,
609 2173 650 2238 sit
672 2173 908 2240 constitutivum
929 2173 1058 2257 speciei,
1080 2178 1274 2256 sequeretur,

157 2277 243 2362 quod
264 2297 328 2342 una
350 2276 489 2343 essentia
509 2276 653 2361 pluribus
675 2274 841 2360 speciebus
863 2280 948 2341 esset
969 2273 1161 2360 specificata,
1189 2272 1275 2356 quod
1293 2290 1325 2341 30

157 2386 204 2448 est
224 2378 432 2465 impossibile.
476 2378 549 2445 Non
572 2382 621 2444 est
644 2395 718 2458 ergo
741 2376 791 2441 vis
812 2376 925 2442 ultima
946 2376 979 2441 in
1001 2375 1144 2459 homine,
1170 2376 1275 2461 ipsum

158 2502 228 2550 esse
251 2480 438 2563 simpliciter
459 2484 635 2565 sumptum,
665 2477 740 2560 quia
769 2478 865 2545 etiam
893 2478 939 2544 sie
966 2482 1125 2563 sumptum
1147 2479 1189 2543 ab
1212 2478 1274 2544 ele-

157 2582 271 2650 mentis
287 2581 511 2665 participatum
533 2602 592 2647 nec
607 2600 678 2647 esse
694 2580 991 2665 complexionatum,
1014 2580 1165 2663 quiahoc
1180 2579 1276 2646 etiam

157 2684 312 2770 reperitur
332 2684 366 2749 in
387 2682 607 2766 mineralibus3
634 2702 694 2748 nec
715 2701 787 2748 esse
808 2680 992 2766 animatum,
1016 2681 1091 2764 quia
1111 2682 1158 2748 sic
1180 2681 1276 2748 etiam

158 2787 191 2851 in
211 2786 345 2871 plantis;
376 2806 435 2853 nec
457 2805 528 2852 esse
550 2782 827 2869 apprehensirum,
851 2784 928 2867 quia
948 2783 995 2850 sic
1016 2788 1048 2850 et
1068 2783 1278 2868 participatur
1295 2801 1326 2851 35

184 2990 205 3023 ¹³
222 2990 255 3042 A.
269 2987 302 3041 L.
313 2988 352 3042 Μ.
361 2987 478 3042 P.-V.
491 2985 528 3040 Et
538 2985 583 3041 itio
598 3001 691 3056 quaer.
811 2987 913 3039 1111.-
927 2985 960 3039 F.
979 2987 1007 3040 iu
1026 2989 1129 3040 tautum
1147 2989 1278 3056 operatur
1386 2975 1388 2977 ’

150 3125 154 3132 ,
226 3072 270 3128 llic
288 3077 383 3144 tanqu.
408 3104 440 3112 -
464 3071 495 3125 F.
514 3076 541 3126 et
557 3070 629 3127 Edu.
656 3069 693 3125 lit
811 3069 982 3125 multitudine

227 3156 271 3213 iic
287 3158 430 3227 quaeritur
448 3162 541 3227 tanqu.
770 3154 793 3187 2⁴
811 3154 880 3210 Edu.
897 3170 947 3210 uec
964 3155 1063 3210 uicinia

243 3242 305 3298 Vox
325 3242 496 3314 princmium
519 3255 574 3296 non
597 3239 694 3308 legitur
769 3239 1213 3311 18Ρ.1111111111ιά11111111

226 3327 256 3380 in
273 3327 305 3380 F.
768 3324 792 3358 ²⁹
809 3324 842 3378 F.
859 3324 982 3379 ultimum
1000 3325 1036 3379 sit
1052 3328 1136 3379 coust.

186 3416 208 3448 ¹⁵
224 3413 257 3466 A.
267 3411 345 3466 —al.
356 3411 495 3466 sciendum
507 3404 601 3482 primo
620 3409 696 3481 quod
767 3409 791 3444 ³⁰
807 3408 844 3464 A.
861 3414 925 3478 post
942 3409 1057 3464 essentia
1074 3407 1213 3464 additsiuc
1224 3425 1279 3479 po-

227 3528 261 3537 -
277 3496 309 3556 F.
326 3495 464 3550 scientium
483 3495 557 3566 quod
814 3496 898 3549 teutiu

187 3584 208 3617 ¹⁰
224 3582 256 3636 F.
274 3582 389 3636 otiosum
404 3580 532 3652 fuciunt·
555 3581 605 3635 sed
621 3580 697 3652 quod
769 3580 792 3613 ³²
808 3577 1121 3633 A.F.H.L.V.-M.P.
1132 3580 1280 3650 quiaetsic

222 3666 322 3738 prodit
769 3665 793 3699 ³³
809 3664 889 3719 Tum.
912 3668 941 3719 et
964 3662 1066 3718 Fratio.
1092 3665 1158 3734 quia
1181 3669 1207 3719 et
1228 3663 1279 3720 imo

187 3755 208 3787 ¹⁷
224 3751 294 3807 Edd.
313 3748 425 3805 Minime
441 3751 511 3805 euim
529 3765 579 3804 ess.
812 3749 949 3821 reperitur

187 3839 209 3871 ¹⁹
225 3837 260 3892 Η.
271 3851 354 3891 1111111
362 3832 517 3890 est-Edd.
526 3838 581 3890 ant.
596 3833 695 3891 Verum
771 3836 793 3868 ⁸⁴
811 3834 843 3889 F.
861 3835 896 3888 H.
913 3834 945 3888 L.
963 3834 994 3888 P.
1012 3834 1045 3889 V.
1063 3865 1097 3874 -
1122 3834 1159 3888 A.
1176 3835 1279 3890 unimu-

230 3926 277 3977 cst.
296 3951 330 3962 -
347 3920 390 3974 An
413 3919 487 3975 Unda
503 3936 595 3975 aarum
613 3923 671 3977 est?
815 3920 886 3975 libus
910 3951 940 3960 -
968 3919 1006 3974 M.
1031 3924 1058 3974 et
1080 3919 1158 3976 Vers.
1176 3919 1278 3977 Ficini:

187 4009 212 4041 ²²
228 4007 260 4060 F.
279 4005 317 4061 ud
334 4021 415 4076 quum
433 4005 542 4075 quidem
559 4007 620 4076 ipsu
815 4004 986 4060 naturalibus

186 4094 210 4127 ²²
227 4092 263 4146 H.
278 4091 312 4145 V.
331 4091 360 4145 iu
377 4094 480 4145 tautum
501 4091 697 4148 multitudinem

233 4246 256 4279 ²⁶
272 4243 402 4299 Ultimum
419 4244 491 4314 quod
507 4259 592 4312 genus
609 4246 755 4300 humanum
772 4241 880 4310 assequi
891 4246 988 4311 potest,
1007 4245 1281 4301 summusetultimus

162 4313 225 4368 finis
241 4312 426 4368 humanitatis.
