2940 5040
369 340 504 396 DANTIS
522 340 740 397 MONARCHIA
757 341 792 394 Π.
811 355 835 396 c.
854 345 878 394 2.
1134 339 1171 399 41

55 515 151 579 rebus
173 511 375 579 inferioribus
398 514 524 596 bonum,
548 533 643 594 quum
666 513 800 596 abipsa
822 513 992 580 materia
1020 533 1176 580 essenon

56 615 166 701 possit,
190 615 260 680 sola
281 614 425 697 potentia
453 615 624 697 existente,
653 615 820 700 perprius
848 615 890 679 ab
919 615 1084 682 artifice
1106 618 1176 683 Deo

57 717 106 800 sit,
130 722 163 782 et
185 714 372 782 secundario
394 717 529 799 aooelo,
554 715 639 798 quod
661 734 851 797 organum
874 722 922 782 est
937 717 1014 783 artis
1036 717 1174 801 divinae,
1194 737 1226 788 25

57 839 151 901 quarn
175 819 329 883 Naturam
353 818 557 884 communiter
578 818 752 902 appellant.

141 919 193 984 Ex
214 920 266 985 his
284 919 354 1003 jam
368 920 476 1003 liquet,
501 919 587 1001 quod
604 919 668 1003 jus,
692 938 788 1000 quum
810 921 851 985 sit
868 920 993 1003 bonum,
1016 941 1074 1006 per
1089 922 1177 1005 prius

56 1023 89 1088 in
111 1028 217 1088 mente
240 1021 302 1088 Dei
330 1027 393 1087 est:
422 1025 454 1085 et
477 1040 572 1103 quum
601 1042 694 1088 omne
717 1022 802 1103 quod
831 1022 864 1086 in
893 1028 999 1088 ments
1028 1023 1090 1089 Dei
1119 1030 1177 1108 est,

57 1124 97 1189 sit
120 1123 209 1189 Deus
233 1120 339 1207 (juxta
361 1122 456 1188 illud:
479 1122 592 1206 „Quod
613 1123 804 1206 factumest,
827 1123 860 1188 in
881 1124 952 1207 ipso
968 1124 1034 1189 vita
1056 1125 1176 1211 erat“);

57 1230 88 1292 et
111 1226 201 1291 Deus
228 1225 367 1292 maxime
396 1225 535 1309 seipsum
563 1225 656 1307 velit,
686 1225 842 1308 sequitur,
871 1225 957 1306 quod
974 1226 1029 1309 jus
1054 1248 1074 1292 a
1095 1230 1176 1312 Deo,
1195 1247 1227 1298 eo

57 1333 152 1412 prout
174 1327 208 1392 in
230 1347 268 1393 eo
291 1331 356 1410 est,
379 1326 420 1391 sit
442 1326 584 1393 volitum.
636 1327 678 1391 Et
701 1345 795 1407 quum
818 1328 967 1394 voluntas
989 1334 1021 1394 et
1044 1331 1177 1397 volitum

59 1430 93 1494 in
114 1430 185 1496 Deo
210 1429 251 1493 sit
273 1427 368 1512 idem,
391 1428 533 1509 sequitur
552 1428 693 1510 ulterius,
717 1427 802 1509 quod
825 1428 966 1495 divina
988 1433 1178 1499 voluntas

59 1532 102 1598 sit
123 1530 229 1616 ipsum
248 1531 324 1614 jus.
370 1530 411 1594 Et
432 1530 545 1595 iterum
567 1550 609 1595 ex
630 1531 691 1596 hoe
713 1531 869 1614 sequitur,
896 1533 982 1613 quod
1000 1534 1054 1617 jus
1076 1534 1109 1601 in
1130 1556 1177 1602 re-

59 1635 119 1699 bus
140 1633 221 1699 nihil
237 1637 286 1700 est
301 1632 398 1715 aliud,
422 1653 518 1714 quam
540 1631 714 1698 similitudo
730 1631 859 1698 divinae
875 1635 1057 1704 voluntatis.
1085 1637 1178 1704 Unde

58 1734 102 1819 fit,
126 1734 213 1818 quod
235 1732 391 1816 quidquid
414 1733 541 1800 divinae
563 1733 719 1799 voluntati
737 1755 800 1800 non
822 1743 983 1820 consonat,
1006 1737 1111 1824 ipsum
1123 1740 1179 1823 jus
1196 1757 1229 1809 35

61 1857 131 1903 esse
153 1857 216 1903 non
237 1837 354 1920 possit3
379 1840 411 1902 et
427 1834 583 1917 quidquid
605 1834 732 1901 divinae
748 1837 903 1902 voluntati
927 1845 976 1903 est
998 1860 1179 1926 consonum,

56 1939 110 2023 jus
132 1939 237 2024 ipsum
259 1939 310 2004 sit.
354 1940 556 2024 Quapropter
581 1955 747 2020 quaerere,
777 1945 880 2003 utrum
904 1939 943 2004 de
968 1940 1041 2023 jure
1063 1942 1180 2009 faetum

88 2142 111 2173 ²⁶
128 2140 159 2193 P.
192 2157 244 2210 que
280 2146 379 2193 notura
419 2139 595 2193 conmuniter
714 2145 853 2193 cesserunt
868 2140 998 2195 editiones
1015 2143 1097 2198 male:
1110 2160 1180 2215 pro·

128 2225 377 2296 appellatur—M.
396 2241 478 2296 quam
495 2230 595 2278 natura
709 2224 792 2294 prius

130 2326 223 2365 comm.
243 2310 365 2382 appellet
672 2307 696 2341 ³⁰
712 2308 743 2360 F.
762 2310 882 2363 trtaxr'me
898 2311 986 2382 speum

89 2397 111 2429 ²⁷
128 2395 222 2450 Lectio
251 2402 384 2465 quatenus
410 2395 476 2464 jus,
516 2409 596 2462 quam
731 2395 853 2463 sequitur
870 2411 925 2449 non
942 2395 1040 2464 legitur
1056 2395 1084 2449 in
1101 2397 1133 2449 F.

130 2479 209 2534 effert
219 2479 308 2544 Zatte,
326 2494 380 2533 non
394 2478 509 2532 hebetur
524 2476 595 2530 inF.
675 2477 696 2510 ³¹
715 2487 755 2532 est
773 2479 848 2533 deest
865 2479 894 2533 in
913 2480 943 2535 F.

148 2564 247 2619 Omnes
271 2579 339 2632 quae
357 2562 493 2617 Fratieeil.
517 2577 595 2632 prae·
676 2564 697 2596 ³⁷
715 2564 759 2616 An
777 2563 952 2634 quaerendo?

252 2733 319 2788 Ond'
337 2732 394 2803 epti
409 2733 503 2786 ouoiert
521 2730 598 2786 caen
616 2733 759 2787 medesimo
777 2733 870 2804 legino,

319 2799 443 2854 Secoudo
460 2800 562 2870 specie,
579 2817 621 2854 me
643 2802 679 2856 lio
697 2819 711 2855 e
725 2804 829 2874 peppto
845 2802 947 2870 [νεάτας

317 2867 345 2922 Ε
360 2869 406 2922 ooe'
421 2875 528 2921 nosceta
545 2882 596 2922 eon
634 2871 719 2923 ioerso
737 2872 863 2940 inqepno.

251 2986 287 3041 Se
304 2973 381 3057 soree
399 3004 415 3040 a
429 2995 519 3057 punto
537 2987 564 3042 la
582 3004 644 3042 cera
662 2987 786 3054 dedutte,

319 3054 438 3177 istst
455 3055 764 3195 tt‘tttttttttttt
778 3072 924 3177 Xitf'M'

547 3182 554 3196 ,
851 3162 858 3187 r

252 3244 297 3298 Mo
316 3241 342 3296 la
360 3247 460 3296 natare
477 3241 504 3297 la
522 3241 557 3296 ete
574 3257 630 3296 sem
652 3258 683 3295 re
698 3257 801 3307 scema,

318 3308 499 3363 Similemente
516 3326 618 3380 operere
639 3308 719 3365 oali*
738 3311 847 3376 ortistu,

322 3376 365 3431 Ch'
383 3376 419 3432 ea
437 3377 529 3432 l'abe'to
547 3377 609 3431 dett
627 3387 698 3442 arte,
717 3393 731 3430 e
748 3394 811 3430 man
828 3377 877 3432 cde
895 3385 987 3433 trema.

251 3496 337 3560 Pero,
355 3512 385 3550 se
403 3497 425 3550 il
439 3497 519 3552 caldo
536 3514 614 3551 amor
631 3497 658 3551 le
676 3495 771 3552 edicere
789 3497 857 3549 vista

320 3563 402 3619 oeta
415 3567 509 3636 prt'mu
526 3566 597 3618 ot'rtet
615 3565 729 3636 dispone
746 3580 760 3619 e
777 3579 874 3632 tepeo,

323 3633 403 3687 Tutta
422 3635 449 3687 ta
460 3633 609 3705 perfezion
628 3633 703 3702 quivi
718 3635 738 3686 ε’
756 3634 889 3702 aequista.

169 3719 209 3774 cf.
229 3718 292 3773 ibid.
312 3718 332 3771 Ι.
354 3723 495 3772 tet-130.

135 3823 158 3854 ²⁴
175 3820 278 3875 Ibidem
294 3819 392 3872 XXIX.
412 3823 454 3872 32.

307 3941 442 3956 ......
460 3902 548 3974 quelle
565 3902 753 3963 (substantiaet
770 3904 858 3973 faron
876 3905 944 3959 eima

305 3971 359 4025 Nel
374 3971 484 4039 mondo,
503 3977 531 4025 in
548 3969 597 4026 che
609 3988 685 4043 puro
703 3976 775 4025 atto
791 3973 826 4041 fu
838 3972 982 4042 prodatto.

239 4039 315 4096 Pure
358 4047 479 4094 otenza
497 4039 620 4094 tenucla
634 4045 716 4111 perte
733 4041 803 4093 ima:

304 4057 359 4162 nit
374 4124 467 4163 mezzo
485 4110 584 4162 strinse
596 4117 753 4179 potenza
771 4122 820 4161 eon
840 4112 891 4161 att
898 4124 913 4161 0

308 4175 359 4231 Tot
376 4178 456 4241 trime,
474 4175 523 4231 ede
539 4176 671 4246 piatnmaz·
686 4192 740 4229 eoa
757 4176 783 4228 sr'
799 4174 905 4230 dirime.

135 4260 384 4317 ²⁴Eetsr.1noosr
405 4267 426 4314 t.
445 4278 467 4314 v.
488 4265 510 4314 t.
620 4261 643 4293 ²²
660 4259 768 4314 Eunus.
787 4259 902 4314 Ionian.
926 4264 947 4313 t.
967 4276 991 4315 u.
1011 4264 1035 4326 3,
1053 4265 1076 4315 4.
