2940 5040
276 336 317 397 96
569 337 702 393 DANTIS
720 336 938 393 MONAEOHIA
956 337 1004 391 111.
1022 337 1050 391 (l.
1071 343 1094 393 3.

228 532 260 581 75
280 512 366 578 solas
388 510 574 577 traditiones
596 510 766 595 habentes,
797 512 838 576 ab
862 511 938 593 hoc,
967 515 1002 576 ut
1024 509 1204 594 dicebatur,
1229 512 1396 596 gymnasio

278 611 469 679 excludendi
492 618 571 678 sunt.
611 611 745 697 Oportet
767 613 850 680 enim
873 613 956 678 hanc
978 613 1146 679 veritatem
1169 617 1335 698 venantes,
1358 634 1397 681 ex

277 714 333 798 iis,
374 735 414 780 ex
448 716 561 797 quibus
594 714 758 781 Ecclesiae
797 720 906 779 manat
944 714 1131 797 auctoritas,
1171 715 1396 798 investigando

278 815 459 900 procedere.

362 918 422 983 His
443 919 552 1001 itaque
575 920 621 985 sic
643 919 796 1002 exclusis,
820 918 1012 986 excludendi
1027 924 1100 985 sunt
1122 920 1212 1003 alii,
1237 920 1309 1005 qui,
1333 941 1397 988 cor-

166 1086 172 1105 ,
229 1040 390 1091 sororum
411 1022 529 1104 plumis
551 1022 667 1104 operti,
691 1040 767 1088 oves
783 1021 875 1087 albas
896 1021 930 1085 in
944 1039 1041 1104 grege
1056 1022 1187 1088 Domini
1209 1041 1244 1088 se
1264 1023 1397 1106 jactant.

278 1121 322 1187 Hi
343 1127 415 1186 sunt
436 1123 610 1206 impietatis
631 1123 704 1204 filii,
728 1123 797 1205 qui,
826 1129 862 1188 ut
882 1122 1005 1206 flagitia
1027 1144 1086 1188 sua
1109 1124 1243 1205 exsequi
1264 1125 1397 1209 possint,

277 1228 412 1289 matrem
442 1225 648 1309 prostituunt,
677 1225 790 1291 fratres
819 1226 998 1310 expellunt,
1028 1231 1061 1292 et
1090 1224 1228 1307 denique
1256 1226 1399 1310 judicem

278 1324 397 1392 habere
412 1327 531 1392 nolunt.
568 1327 653 1391 Nam
675 1347 729 1392 cur
744 1326 787 1392 ad
809 1348 863 1421 eqs
885 1327 966 1393 ratio
983 1332 1201 1410 quaereretur,
1225 1346 1325 1409 quum
1343 1348 1399 1394 sua

279 1426 454 1511 eupiditate
477 1428 597 1495 detenti
619 1429 775 1514 principia
796 1450 860 1495 non
881 1428 1047 1495 riderent?

229 1549 260 1602 85
364 1530 565 1614 Quapropter
599 1551 668 1596 cum
697 1531 774 1596 solis
807 1530 997 1597 concertatio
1020 1536 1133 1614 restat,
1169 1532 1239 1615 qui,
1263 1532 1398 1614 aliquali

279 1630 347 1696 zelo
376 1649 453 1712 erga
481 1636 614 1698 matrem
636 1632 813 1697 Ecclesiam
842 1632 943 1715 ducti,
972 1632 1090 1718 ipsam,
1122 1652 1204 1713 quae
1227 1634 1398 1718 quaeritur,

279 1732 446 1798 veritatem
468 1723 623 1814 ignorant.
662 1734 740 1799 Cum
764 1734 877 1816 quibus
899 1735 956 1799 illa
978 1734 1157 1800 reverentia
1171 1734 1280 1818 fretus,
1303 1753 1400 1816 quam

279 1833 351 1919 pius
372 1832 456 1899 filius
479 1834 573 1903 debet
594 1836 693 1920 patri,
719 1855 813 1918 quam
835 1836 915 1926 pius*
928 1835 1013 1900 filius
1035 1835 1142 1918 matri,
1165 1834 1238 1918 pius
1261 1836 1296 1900 in
1310 1835 1398 1902 chri-

280 1939 377 2019 stum,
407 1937 478 2021 pius
500 1937 532 2001 in
554 1936 747 2021 Ecclesiam,
776 1938 848 2022 pius
869 1937 903 2001 in
925 1939 1105 2020 Pastorem,
1137 1936 1210 2019 pius
1232 1936 1267 1999 in
1289 1957 1398 2004 omncs

229 2057 261 2110 90
281 2038 494 2103 Christianam
507 2039 693 2120 religionem
707 2038 901 2123 profitentes,
924 2060 981 2124 pro
1005 2039 1107 2106 salute
1124 2038 1275 2119 veritatis,
1290 2039 1325 2104 in
1340 2040 1400 2105 hoc

278 2140 359 2206 libro
383 2146 542 2206 certamen
563 2141 689 2226 incipio.

736 2324 859 2414 [orror
880 2324 936 2413 ru]

364 2464 421 2529 Isti
442 2484 533 2547 vero,
556 2464 599 2529 ad
621 2482 700 2544 quos
723 2465 782 2530 erit
804 2469 871 2532 totu
888 2463 1061 2549 disputatio
1083 2483 1229 2548 sequens,
1255 2483 1398 2532 asseren-

279 2571 328 2632 tes
350 2565 570 2632 auotoritatem
591 2566 721 2651 Imperii
744 2568 785 2632 ab
807 2567 994 2633 auctoritate
1016 2567 1179 2633 Ecclesiae
1205 2565 1397 2651 dependere,

306 2786 329 2818 ⁷⁵
346 2784 441 2839 Fidem
460 2783 582 2840 codicum
599 2783 631 2838 F.
650 2784 681 2838 1..
700 2784 738 2838 M.
764 2783 812 2846 (M.
890 2784 912 2816 ⁸²
929 2784 964 2837 M.
989 2791 1101 2838 matrem
1116 2790 1306 2855 prosteruunt,
1329 2783 1399 2854 quod

346 2869 430 2925 habet
448 2869 560 2931 dicebat)
584 2885 689 2937 sequor.
718 2899 753 2909 —
777 2870 811 2923 A.
933 2869 994 2922 olim
1012 2875 1039 2922 et
1055 2869 1084 2923 in
1101 2869 1134 2922 V.
1153 2869 1237 2925 luisse
1255 2869 1370 2924 videtur.

346 2953 377 3006 P.
404 2954 470 3008 abat
491 2955 633 3010 dicebatur
658 2971 750 3027 cyma.
780 2985 812 2994 —
892 2955 914 2988 ⁸³
931 2954 964 3007 A.
983 2954 1017 3007 Η.
1035 2953 1073 3007 Μ.
1092 2953 1164 3008 Nam
1184 2971 1245 3011 cam

346 3037 380 3092 V.
407 3038 474 3093 abiit
499 3039 638 3094 dicebatur
663 3055 754 3110 cyma.
779 3067 812 3080 -
949 3038 1171 3094 Emendationem
1193 3039 1272 3112 apud
1293 3055 1355 3105 eos,
1383 3053 1398 3092 a

346 3121 381 3176 H.
393 3122 431 3177 ad
447 3121 498 3178 boc
515 3129 546 3177 at
563 3123 703 3180 dicebatur
719 3140 812 3196 ppma.
933 3124 1011 3179 nobis
1028 3124 1204 3192 propositam,
1223 3129 1250 3179 et
1269 3123 1398 3179 aEratic.

305 3209 328 3241 ⁷⁸
345 3209 378 3261 A.
398 3207 512 3280 Oportet
534 3225 600 3280 erqo
625 3211 813 3264 auctoritatem
932 3212 1083 3277 receptam,
1116 3225 1197 3278 quum
1229 3224 1290 3264 eam
1323 3208 1398 3264 codd.

346 3300 504 3349 venerantes
539 3325 572 3333 —
605 3294 637 3347 V.
666 3293 715 3365 Op.
743 3292 814 3348 banc
934 3294 1095 3349 auctoritate
1112 3309 1167 3348 non
1184 3293 1335 3350 videremus
1352 3293 1398 3348 fir·

346 3380 422 3432 verit.
440 3385 568 3434 cenantes
730 3446 732 3453 Ι
931 3385 1038 3446 matam,
1057 3396 1129 3435 nunc
1146 3378 1297 3448 rejecimus.

306 3464 329 3497 ⁷⁷
346 3463 378 3517 E.
397 3463 427 3517 P.
448 3469 475 3517 et
491 3461 648 3533 cestiqando
660 3461 814 3534 procedere
949 3465 981 3517 A.
999 3466 1071 3519 ratio
1089 3469 1240 3535 quoactus

305 3548 329 3582 ⁷⁹
345 3548 377 3602 F.
389 3548 426 3602 M.
445 3554 472 3602 et
490 3547 563 3602 editt.
582 3549 675 3618 itaque
693 3547 813 3603 exclusis
891 3549 912 3582 θ’
931 3548 963 3603 F.
986 3549 1022 3602 M.
1041 3549 1071 3602 P.
1089 3548 1122 3603 V.
1134 3579 1169 3588 -
1180 3547 1212 3603 A.
1230 3549 1266 3602 Η.
1284 3548 1324 3609 {Ir-
1344 3563 1399 3604 aaa

362 3634 400 3688 M.
418 3633 448 3687 P.
467 3649 607 3688 caveram
620 3633 724 3703 plumis
931 3632 1056 3687 videncet
1072 3664 1106 3672 -
1123 3632 1192 3687 Edd.
1210 3649 1265 3687 aon
1283 3633 1400 3688 viderint

307 3720 330 3754 ⁸⁰
346 3720 379 3773 A.
398 3718 429 3772 1..
447 3717 478 3771 P.
496 3715 528 3770 V.
548 3719 659 3789 apertis,
678 3734 740 3773 oves
891 3719 914 3752 ⁸⁸
930 3717 1020 3772 Verba
1038 3718 1114 3774 debet
1126 3719 1218 3790 patri,
1236 3733 1319 3789 qaam
1332 3719 1399 3790 pias

363 3804 396 3859 V.
425 3819 487 3858 caes
513 3802 575 3856 aliis
598 3833 632 3840 —
656 3802 688 3856 F.
714 3801 813 3857 omittit
930 3803 1005 3873 filias
1023 3803 1150 3858 omittunt
1167 3802 1205 3857 M.
1222 3802 1253 3856 P.

346 3889 423 3945 albas
949 3905 1031 3960 qaam
1043 3887 1211 3943 desideratur
1228 3887 1256 3942 in
1274 3888 1364 3958 Hung.

363 3973 394 4028 E.
413 3973 443 4028 P.
462 3973 573 4029 Domini
582 3973 695 4043 jactant
894 3975 916 4007 ⁸⁹
933 3974 966 4028 F.
983 3973 1013 4026 P.
1027 3974 1096 4045 pias
1112 3974 1140 4027 ia
1158 3971 1280 4029 domines
1300 3972 1364 4030 Cirr.

309 4060 331 4092 ⁸¹
349 4059 378 4112 P.
398 4064 428 4113 at
443 4059 583 4130 falqiliam
601 4073 653 4111 saa
672 4059 781 4127 assequi
891 4059 913 4092 ⁹¹
931 4058 965 4112 Η.
983 4059 1021 4113 Μ.
1042 4059 1143 4131 incipio
1161 4064 1298 4114 certamen

349 4263 373 4296 ⁷⁰
389 4262 473 4318 Iidem
492 4279 558 4332 quos
577 4275 660 4330 supra
677 4260 745 4316 filios
764 4261 864 4320 diaboli
882 4277 940 4320 esse
958 4262 1032 4318 dixit.
