2940 5040
273 317 313 377 78
524 319 659 375 nnnrrs
677 318 896 375 nounnoun
913 322 947 376 n.
966 321 996 377 c.
1017 328 1056 376 11.
1073 293 1138 390 no.)

475 490 532 543 Aut
549 489 653 544 Collina
670 490 733 544 tulit
751 496 850 546 stratas
869 496 934 560 quot
951 498 1032 560 porta
1048 498 1184 554 cateruas.

476 573 553 629 Tunc
571 590 652 642 quum
668 591 755 645 paene
774 580 857 646 caput
874 576 968 631 mundi
984 592 1127 648 rerumque
1144 584 1267 648 potestas

474 659 590 713 Mutavit
607 663 740 716 translata
757 661 860 728 locum,
879 662 1056 730 Romanaque
1074 663 1179 720 Samnis

474 743 552 799 Ultra
570 744 707 800 Caudinas
724 748 860 815 superavit
877 749 989 802 vulnera
1006 747 1107 803 furcas.

356 849 529 948 Postquam
550 887 628 933 vero
649 868 801 933 Italorum
830 867 934 950 litigia
956 868 1070 934 sedata
1095 870 1237 953 fuorunt,
1267 873 1390 936 etcum

272 968 411 1052 Graecis,
435 988 569 1050 cumque
586 969 704 1035 Poenis
724 968 865 1034 nondum
887 990 944 1053 pro
961 969 1071 1036 divino
1089 970 1214 1055 judicio
1236 976 1390 1038 certatum

271 1076 371 1154 essct,
395 1070 437 1134 ad
458 1070 626 1155 imperium
648 1070 886 1136 intendentibus
907 1071 973 1137 illis
996 1076 1029 1138 et
1049 1072 1135 1156 istis,
1162 1072 1312 1140 Fabricio
1333 1096 1391 1159 pro

218 1191 253 1242 4ο
269 1172 431 1256 Romanis,
453 1173 480 1237 P
486 1171 606 1257 yrrho
629 1193 686 1256 pro
703 1172 843 1256 Graecis,
867 1171 908 1239 de
930 1173 1056 1258 imperii
1077 1172 1181 1255 gloria
1202 1174 1237 1239 in
1258 1175 1390 1243 militiae

269 1274 471 1341 multitudine
505 1272 755 1358 decertantibus,
789 1275 891 1341 Roma
924 1276 1067 1342 obtinuit.
1132 1273 1283 1360 Scipione
1316 1298 1391 1344 vero

267 1400 326 1464 pro
354 1376 460 1458 Italis,
491 1374 723 1442 Hannibale
751 1398 809 1461 pro
838 1376 995 1442 Africanis
1023 1377 1056 1439 in
1077 1376 1179 1441 forma
1202 1378 1304 1443 duelli
1324 1380 1389 1445 bel·

268 1482 335 1545 lum
365 1476 562 1559 gerentibus,
591 1476 682 1540 Italis
710 1478 779 1543 Afri
807 1479 1053 1561 succubuerunt;
1084 1478 1165 1543 sicut
1187 1478 1331 1546 Livius
1359 1485 1390 1548 ct

269 1580 326 1646 alii
347 1580 393 1646 rei
414 1578 577 1644 Romanae
601 1579 770 1663 scriptores
790 1580 954 1645 testificari
976 1583 1136 1645 conantur.

218 1700 251 1753 45
356 1681 433 1763 Quis
455 1680 552 1760 igitur
566 1679 649 1747 adeo
664 1681 778 1746 mentis
793 1681 927 1747 obtusae
941 1700 1025 1746 nunc
1039 1686 1097 1766 est,
1122 1681 1177 1763 qui
1190 1702 1256 1748 non
1270 1682 1387 1767 videat,

270 1784 328 1850 sub
347 1784 420 1867 jure
443 1780 542 1848 duelli
558 1783 732 1864 gloriosum
753 1784 908 1867 populum
923 1803 1072 1849 coronam
1087 1780 1182 1849 Orbis
1204 1784 1304 1850 totius
1320 1804 1388 1851 esse

269 1885 447 1951 lucratum?
480 1884 562 1950 Vere
586 1884 691 1951 dicero
712 1884 816 1970 potuit
837 1885 932 1951 homo
955 1885 1125 1968 Romanus,
1150 1883 1237 1967 quod
1260 1884 1388 1967 quidem

268 1988 442 2073 Apostolus
454 1984 497 2050 ad
508 1985 726 2051 Timotheum:
742 1986 916 2071 „Reposita
927 1991 976 2051 est
987 1985 1066 2051 mihi
1077 2006 1194 2053 corona
1201 1986 1388 2071 justitiae:“

267 2089 417 2175 reposita,
441 2087 571 2170 scilicet,
594 2087 627 2150 in
649 2087 711 2152 Dei
738 2087 942 2172 providentia
963 2093 1101 2154 aeterna.
1146 2087 1287 2155 Videant
1307 2109 1389 2155 nunc

217 2210 250 2265 sc
268 2193 408 2258 Juristae
429 2189 700 2274 praesumptuosi,
732 2182 884 2270 quantum
912 2189 994 2253 infra
1020 2190 1083 2254 sint
1107 2190 1148 2254 ab
1177 2190 1236 2255 illa
1258 2191 1388 2275 specula

267 2293 414 2375 rationis,
443 2290 527 2355 unde
557 2289 696 2355 humana
723 2311 812 2358 mens
842 2292 922 2357 haec
948 2290 1105 2375 principia
1127 2292 1325 2375 speculatur,
1355 2296 1387 2356 et

268 2395 397 2477 sileant,
427 2392 600 2460 secundum
630 2412 756 2458 sensum
784 2393 867 2475 legis
896 2391 1062 2458 consilium
1091 2398 1123 2460 et
1145 2390 1304 2477 judicium
1334 2414 1386 2459 ex-

266 2497 376 2564 hibere
400 2494 547 2562 contenti.

351 2598 393 2662 Et
416 2597 486 2681 jam
514 2595 716 2661 manifestum
751 2600 814 2679 est,
848 2594 934 2678 quod
965 2595 1127 2661 Romanus
1159 2597 1299 2681 populus
1330 2616 1387 2682 per

293 2748 317 2781 ⁸³
333 2747 368 2800 H.
386 2753 474 2801 strata
493 2777 524 2785 -
544 2745 581 2799 M.
598 2749 697 2800 strntct
713 2776 747 2784 -
767 2745 799 2799 L.
919 2753 995 2800 tusce
1013 2746 1134 2799 est—F.
1152 2746 1221 2800 adeo
1239 2752 1320 2802 ment.
1334 2746 1386 2802 obt.

334 2837 438 2886 strccct
918 2847 973 2884 non
992 2834 1032 2883 est

293 2916 317 2950 ³⁶
334 2916 369 2972 A.
386 2916 418 2969 L.
438 2915 475 2968 M.
494 2914 527 2971 V.
545 2916 665 2986 speravit
878 2915 902 2948 ⁴⁶
919 2915 952 2970 V.
970 2914 1194 2987 ploriosissimnnn

293 3002 316 3035 ³⁸
332 3000 365 3054 F.
383 2999 483 3053 Poenis
494 3016 551 3070 pro
569 2999 660 3053 divino
935 3000 973 3053 M.
993 3004 1020 3054 et
1038 2998 1097 3054 edd.
1116 3001 1199 3053 totins
1216 2999 1291 3054 orbis

295 3086 318 3119 ³⁹
334 3085 369 3139 H.
389 3090 520 3140 cerintum
537 3089 598 3138 erat
878 3084 902 3117 ⁴⁷
920 3083 958 3138 M.
977 3091 1003 3138 et
1020 3084 1080 3138 edd.
1094 3086 1188 3154 potuit
1205 3083 1297 3140 dicere

349 3170 382 3223 A.
401 3174 428 3223 et
447 3168 506 3222 edd.
527 3169 556 3223 id
571 3170 714 3240 imperinm
934 3171 968 3224 A.
986 3174 1013 3223 et
1029 3168 1088 3223 edd.
1105 3169 1147 3221 cir
1164 3167 1306 3224 Romanus

348 3255 382 3308 A.
400 3254 569 3309 tendentibus
593 3285 628 3293 -
649 3254 684 3308 H.
710 3255 742 3309 L.
761 3255 799 3310 M.
934 3252 1004 3307 Edd.
1023 3253 1149 3308 omittunt
1166 3253 1274 3322 qnidam

331 3339 516 3394 incedentibus
528 3369 559 3377 -
570 3338 602 3393 V.
621 3340 800 3396 incidentibus
877 3339 900 3370 ⁵⁰
918 3337 951 3391 A.
968 3338 997 3391 F.
1015 3337 1050 3392 H.
1068 3336 1100 3390 L.
1119 3337 1158 3390 M.
1175 3337 1208 3391 V.
1227 3344 1255 3392 et
1271 3338 1385 3394 Ficinus

348 3423 382 3475 A.
401 3423 432 3477 F.
450 3423 484 3476 H.
503 3423 534 3476 L.
552 3422 584 3477 V.
602 3423 659 3478 illis
675 3430 702 3478 et
719 3424 761 3480 illi
919 3422 952 3477 cb
970 3422 1018 3476 illo
1034 3423 1146 3493 speculo

289 3507 314 3541 ⁴⁰
330 3507 364 3560 H.
384 3505 493 3578 l'yrrbo
514 3524 578 3563 cero
589 3525 647 3579 pro
877 3509 901 3541 ⁵²
917 3507 951 3560 H.
970 3507 1072 3562 scilicet
1088 3507 1235 3562 secundnm

290 3592 315 3624 ⁴²
331 3591 364 3644 A.
383 3590 490 3646 Italicis
931 3608 1039 3647 sensnm
1063 3592 1140 3646 abest
1162 3607 1180 3646 a
1200 3593 1232 3647 F.
1254 3596 1282 3648 et
1299 3594 1332 3648 H.
1351 3625 1384 3636 -

290 3677 314 3710 ⁴³
330 3676 363 3730 F.
382 3675 414 3730 V.
433 3677 564 3746 Africani
578 3707 611 3716 —
628 3677 661 3731 H.
680 3677 773 3748 Africi
916 3677 949 3730 A.
961 3676 1070 3731 secund.
1081 3692 1188 3731 sensnm
1199 3678 1383 3748 lepbsensum

288 3761 312 3793 ⁴⁴
328 3760 397 3815 Edd.
416 3760 511 3816 Livius
527 3768 554 3815 et
571 3778 663 3816 omnes
915 3793 949 3800 —
966 3762 1115 3827 auxilinm,
1143 3761 1215 3831 quod
1237 3763 1385 3832 scripserat

346 3848 378 3900 A.
388 3846 420 3900 F.
431 3846 463 3901 V.
482 3851 509 3901 et
521 3846 580 3900 edd.
600 3845 739 3900 Romanae
756 3849 798 3901 rei
916 3845 1016 3902 codicis
1033 3847 1066 3900 F.
1085 3847 1272 3914 amanuensis,
1290 3849 1384 3904 statim

346 3932 381 3986 H.
399 3931 432 3985 V.
452 3931 596 4000 testificare
915 3931 1053 4001 expunxit,
1071 3934 1099 3985 et
1108 3932 1230 3999 reposuit
1241 3933 1383 3988 eonsilium

288 4016 312 4050 ⁴⁵
328 4017 361 4071 F.
379 4017 413 4070 H.
433 4015 500 4082 Quis
517 4032 583 4087 erpo
794 4040 797 4047 ·
873 4016 904 4083 ⁸⁴,
917 4018 940 4049 ⁵⁵
956 4015 1025 4070 Edd.
1039 4033 1094 4087 per
1116 4017 1197 4072 duell.
1214 4016 1293 4072 Rom.
1316 4035 1384 4091 pop.

346 4100 417 4155 Edd.
440 4115 513 4154 nnnc
536 4100 605 4155 adeo
630 4102 726 4155 mentis
751 4102 796 4157 ob-

331 4236 355 4269 ⁴⁸
372 4237 484 4290 Pauuus
501 4236 551 4304 Ep.
570 4236 604 4288 Π.
622 4237 657 4292 ad
674 4236 790 4291 Timoth.
808 4241 832 4290 4.
852 4252 876 4290 v.
896 4240 919 4290 8.
