2940 5040
456 351 591 408 DANTIS
609 352 829 410 MONARCHIA
846 355 880 410 II.
899 372 924 411 c.
947 361 966 408 1.
1230 356 1269 418 39

150 523 298 591 rectionis
325 523 486 590 effundere
514 523 650 610 mavult)
679 525 722 590 ad
750 526 994 612 dirumpendum
1025 529 1153 595 vincula
1181 530 1269 613 igno-

150 624 273 692 rantiae
296 626 419 709 Regum
440 631 537 709 atque
552 628 733 712 Principum
755 629 876 713 talium,
900 629 943 695 ad
963 630 1194 698 ostendendum
1217 650 1269 713 ge-

150 747 209 793 nus
224 729 397 793 humanum
411 728 546 795 liberum
562 750 582 794 a
599 728 679 813 jugo
701 730 851 815 ipsorum,
876 751 947 797 cum
962 732 1123 816 Propheta
1137 734 1268 800 sanctis·
1289 738 1321 788 30

151 830 230 897 simo
259 850 363 896 meme
391 830 636 911 subsequentem
665 832 831 917 hortabor,
860 833 1085 914 subsequentia
1115 836 1270 901 subadsu-

151 950 254 998 mens:
277 931 554 1018 ,‚Dirumpamus,“
577 931 736 1016 videlicet,
760 933 908 1017 „vincula
927 955 1044 1020 eorum,
1068 941 1100 1004 et
1122 936 1269 1022 projicia-

151 1052 220 1098 mus
244 1053 264 1097 a
286 1033 378 1099 nobis
395 1034 509 1118 jugum
531 1032 703 1119 ipsorum.“

236 1135 327 1200 Haec
349 1134 497 1217 equidem
526 1133 588 1201 duo
617 1134 694 1202 fient
722 1135 928 1221 sufficienter,
955 1136 983 1202 si
1006 1137 1177 1203 secundam
1198 1159 1269 1222 par-

151 1242 214 1302 tem
237 1236 416 1322 praesentis
437 1236 592 1321 propositi
608 1244 818 1320 prosequutus
840 1239 938 1323 fuero,
961 1245 992 1306 et
1014 1239 1161 1304 instantis
1176 1258 1271 1321 quae·
1290 1247 1322 1303 35

151 1338 263 1406 stionis
286 1339 453 1405 veritatem
476 1337 652 1404 ostendero.
697 1339 781 1404 Nam
803 1360 861 1424 per
882 1339 958 1426 hoc,
988 1340 1074 1422 quod
1095 1341 1273 1407 Romanum
1329 1367 1332 1374 ·

150 1440 318 1524 imperium
342 1439 381 1506 de
400 1440 474 1523 jure
496 1439 593 1505 fuisse
616 1440 856 1525 monstrabitur,
886 1463 949 1509 non
970 1444 1073 1509 solum
1103 1443 1144 1506 ab
1173 1442 1273 1508 oculis

150 1544 274 1625 Regum
299 1548 330 1609 et
344 1541 536 1627 Principum,
560 1541 613 1623 qui
628 1542 844 1624 gubernacula
859 1543 988 1628 publiea
1010 1543 1089 1609 sibi
1111 1549 1272 1629 usurpant,

151 1646 212 1712 hoc
233 1645 340 1730 ipsum
362 1642 402 1709 de
423 1644 567 1711 Romano
589 1644 707 1728 populo
722 1644 918 1710 mendaciter
933 1644 1160 1728 existimantes,
1184 1644 1271 1726 igno-

151 1747 273 1812 rantiae
296 1746 413 1811 nebula
435 1746 572 1829 eluetur;
603 1744 661 1811 sed
682 1745 834 1812 mortales
863 1767 972 1812 omnes
1003 1767 1073 1813 esse
1096 1766 1131 1814 se
1152 1745 1271 1812 liberos
1291 1762 1323 1811 tu

151 1849 270 1933 ajugo
293 1847 339 1913 sic
361 1847 578 1932 usurpantium
607 1851 842 1927 recognoscent.
888 1847 1013 1913 Veritas
1041 1852 1148 1914 autem
1177 1867 1272 1929 quae·

152 1949 262 2017 stionis
277 1955 387 2033 patere
402 1952 509 2032 potest
522 1968 586 2013 non
600 1948 703 2013 solum
718 1949 837 2014 lumine
860 1948 1037 2015 rationis
1058 1949 1273 2030 humanae,

152 2051 210 2119 sed
233 2050 329 2118 etiam
352 2049 442 2117 radio
466 2048 630 2115 divinae
659 2049 932 2116 auctoritatis.
978 2052 1068 2130 Quae
1091 2049 1154 2115 duo
1178 2067 1274 2129 quum

152 2154 246 2220 simul
268 2150 312 2217 ad
333 2171 429 2216 unum
445 2157 640 2233 concurrunt,
664 2152 788 2218 coelum
811 2157 842 2216 et
864 2156 980 2217 terram
1003 2150 1097 2215 simul
1119 2148 1273 2216 assentire

152 2277 284 2323 necesse
307 2261 363 2321 cst.
407 2253 507 2336 Igitur
528 2251 663 2318 fiduciae
684 2256 892 2335 praenotatae
914 2251 1056 2335 innixus,
1080 2258 1112 2319 et
1134 2251 1273 2316 testimo·
1293 2271 1325 2322 45

152 2360 204 2426 nio
228 2357 358 2423 rationis
381 2361 413 2422 et
428 2354 625 2420 auctoritatis
646 2355 832 2439 praefretus,
855 2354 898 2418 ad
914 2352 1129 2419 secundam
1152 2371 1274 2433 quae-

152 2461 324 2527 stionem
347 2455 558 2523 dirimendam
580 2454 749 2537 ingredior.

180 2612 204 2644 33
221 2612 254 2665 A.
273 2609 307 2663 P.
325 2608 422 2662 maluit
438 2637 472 2646 -—
490 2606 623 2660 Lucerini
809 2620 865 2669 nes,
883 2620 944 2660 cum
952 2605 1048 2661 Ficinc
1067 2605 1195 2661 omittunt
1206 2603 1274 2658 Edd.

237 2696 269 2749 L.
288 2692 492 2764 irrumpendum
514 2723 538 2729 -
566 2691 597 2744 P.
616 2706 689 2745 rara
824 2690 859 2743 H.
878 2692 914 2745 M.
932 2693 1046 2764 pubere.
1060 2708 1154 2763 pecca

216 2779 339 2852 pendam
359 2809 388 2817 -
408 2776 445 2830 M.
464 2774 644 2846 dirumpenda
766 2774 790 2807 33
806 2774 840 2828 Η.
861 2774 895 2829 de
913 2777 1036 2832 Romano
1054 2775 1174 2847 Imperio

179 2865 205 2898 ²⁹
222 2863 303 2918 L.M.
324 2866 351 2917 et
367 2861 504 2916 Fraticell.
521 2859 645 2914 inserunt
663 2862 690 2912 et
766 2860 790 2892 ⁴⁰
810 2859 844 2912 L.
863 2858 990 2914 evelletur
1008 2888 1040 2896 —
1058 2860 1091 2912 A.
1109 2859 1238 2913 ellecetur

222 2953 284 3004 ante
303 2947 340 3002 ed
357 2945 512 3000 ostendenti.
768 2945 791 2977 ⁴¹
809 2944 841 2997 F.
860 2949 1002 3015 inserpunt.
1021 2948 1247 3015 recopaoscerent

179 3036 202 3069 ³¹
220 3035 254 3088 A.
264 3034 296 3087 F.
312 3032 388 3086 H.L.
407 3030 437 3084 P.
449 3030 482 3083 V.
501 3036 528 3083 et
544 3029 614 3083 Edd.
632 3030 687 3083 ant.
765 3031 798 3096 ⁴¹,
808 3028 908 3082 ⁴²F.P.
923 3027 985 3083 Ver.
995 3033 1050 3082 aut.
1061 3030 1211 3082 cominente
1214 3031 1276 3098 pat.

221 3149 255 3159 —
272 3118 311 3173 M.
330 3117 409 3170 Turr.
429 3122 455 3170 et
473 3114 548 3169 Frat.
565 3115 689 3168 secretim.
765 3115 789 3148 ⁴³
806 3113 875 3168 Edd.
893 3112 941 3166 sed
957 3117 983 3166 et
1000 3111 1079 3166 radio

221 3220 263 3257 me
280 3203 352 3257 subs.
452 3252 459 3267 ,
765 3199 788 3231 a
810 3197 843 3252 V.
871 3214 953 3267 qaum
971 3196 1177 3250 similiter-F.
1195 3212 1278 3266 quam

222 3289 254 3341 A.
274 3287 304 3341 F.
325 3287 358 3341 H.
381 3286 411 3339 P.
433 3284 467 3338 V.
496 3285 689 3355 subsequenter
806 3282 918 3336 insimul

222 3403 256 3411 -
273 3370 305 3424 L.
324 3371 362 3424 M.
382 3371 563 3439 mebsequatur
824 3367 855 3421 V.
878 3374 1043 3421 coniecerant

221 3458 260 3512 M.
279 3455 411 3511 bortabcr
770 3453 793 3485 33
810 3453 843 3505 A.
861 3451 893 3504 F.
912 3451 943 3504 L.
964 3450 1039 3523 Erpa

222 3543 254 3596 F.
272 3557 412 3595 decernens
771 3537 794 3570 33
811 3537 843 3590 F.
861 3536 895 3590 H.
915 3536 944 3589 P.
961 3567 993 3576 -
1003 3536 1036 3588 V.
1053 3535 1180 3607 prefatus
1192 3565 1226 3573 -
1240 3533 1274 3587 M.

181 3629 205 3663 33
220 3611 252 3682 P.
271 3627 304 3680 V.
322 3625 400 3680 Haec
418 3625 526 3696 quidem
806 3620 952 3693 prefectus
974 3652 1006 3660 -
1028 3620 1061 3675 L.
1074 3620 1225 3692 prefertur
1244 3647 1278 3658 -

183 3715 206 3747 ³⁵
222 3712 254 3765 V.
280 3712 371 3782 pertis
401 3707 556 3782 proesentis
585 3721 692 3777 propo·
812 3708 845 3760 A.
858 3706 988 3778 perfecte
1004 3736 1039 3744 —
1056 3704 1128 3759 Edd.
1145 3703 1237 3774 fretas

224 3798 348 3851 titionem
771 3794 794 3824 33
812 3792 846 3845 M.
859 3789 1028 3862 progredior
1097 3834 1099 3841 .

182 3885 207 3919 33
224 3882 254 3935 Ρ,
273 3881 395 3935 veritatis
412 3879 596 3948 qaaestionem
614 3906 645 3914 —
659 3874 692 3927 Α.
829 3875 860 3929 Ρ.
880 3874 954 3930 addit
971 3875 1000 3928 in
1018 3873 1072 3928 fine
1082 3871 1207 3942 Explicit
1218 3872 1279 3942 pri-

225 3966 362 4038 opinionis
380 3964 518 4017 veritatem
814 3977 858 4013 nra
876 3960 979 4029 questio
994 3956 1155 4013 Monarebie
1176 3955 1280 4011 Dentis.

242 4049 355 4105 Turrius
375 4055 401 4102 ct
417 4047 519 4101 Fratic.
539 4044 676 4100 ostendam
814 4045 910 4115 incipit
926 4043 1045 4097 secanda

182 4137 208 4170 ³⁸
225 4135 330 4206 Repum
348 4139 385 4200 et,
413 4131 484 4202 quod
508 4132 611 4186 habent
638 4145 693 4186 cm·

227 4273 250 4305 33
268 4270 335 4326 Vide
353 4269 398 4323 lib.
417 4269 436 4323 Ι.
457 4283 517 4336 cap.
537 4272 562 4321 2.
