2940 5040
267 332 343 387 LXII
654 332 861 388 EDITIONUM
880 333 1016 389 SERIES.

356 647 444 708 1566.
478 642 700 707 Sennnnrsun
722 641 842 724 prima:

742 853 792 918 De
813 852 912 919 Juris·

697 962 845 1045 dictione,
868 970 956 1027 auto-

626 1075 730 1148 ritate,
753 1080 785 1138 et
806 1073 1025 1156 praeeminen-

552 1184 598 1249 tia
619 1183 788 1266 imperiali,
812 1202 850 1248 ac
871 1189 1029 1266 potestate
1051 1203 1100 1250 ec·

341 1295 528 1376 clesiastica,
553 1293 656 1376 deque
676 1293 803 1358 Iuribus
825 1293 915 1377 regni
937 1294 965 1357 dr
988 1294 1126 1378 Imperii,
1150 1294 1308 1360 uariorum

418 1406 604 1481 Authorum,
628 1403 682 1485 qui
703 1409 780 1468 ante
802 1405 882 1470 haec
903 1411 1049 1487 tempora
1070 1405 1228 1487 uixerunt,

546 1515 679 1597 scripta:
702 1514 836 1578 collecta
858 1515 886 1578 dr
907 1515 1038 1580 redacta
1059 1515 1093 1580 in

770 1644 883 1688 unum:

394 1732 483 1819 Opus
504 1755 568 1800 non
591 1734 694 1799 solum
717 1734 918 1817 Iurisperitis,
942 1735 1000 1801 sed
1022 1737 1050 1800 d
1071 1735 1245 1818 Theologis

569 1864 607 1910 ac
628 1844 794 1909 Historicis
816 1845 988 1928 plurimum
1009 1866 1079 1929 pro·

750 1953 888 2019 futurum

472 2064 625 2129 Anterum
647 2068 723 2129 nero
746 2066 877 2130 nomina
898 2084 1035 2148 sequens
1056 2066 1177 2148 pagina

742 2173 899 2241 indicabit

440 2283 569 2367 [Aquila
589 2283 771 2367 Imperialis
794 2304 865 2350 cum
886 2291 1020 2368 quatuor
1042 2283 1195 2362 distichis]

456 2392 535 2459 Cum
558 2393 649 2460 Caes.
672 2395 795 2461 Maiest.
820 2396 926 2478 gratia
948 2396 975 2460 dr
997 2394 1177 2478 priuilegio.

742 2506 900 2572 Basileae.

260 2717 361 2782 Folio.
410 2717 450 2781 In
477 2715 540 2782 fine
568 2716 738 2782 voluminis
759 2717 891 2799 legitur:
920 2715 1092 2796 „Basileae
1114 2736 1155 2783 ex
1177 2715 1303 2783 officina
1325 2717 1378 2784 Jo—

259 2826 376 2893 hannis
398 2823 538 2910 Oporini,
567 2827 661 2892 Anno
684 2819 803 2893 Salutis
825 2827 866 2891 M.
889 2826 929 2890 D.
951 2826 1068 2892 LXVI.
1091 2827 1209 2894 ,Mense
1231 2828 1377 2893 Martio.“

261 2975 300 2984 —
323 2934 411 3020 Opus
433 2943 576 3003 nostrum
598 2937 644 3002 sic
665 2937 845 3002 inscribitur
867 2937 1004 3018 „Dantis
1018 2937 1174 3019 Aligherii
1198 2937 1377 3004 Florentini

259 3046 454 3126 Monarchia,
477 3046 595 3130 scripta
616 3047 810 3130 temporibus
832 3046 986 3112 Ludouici
1010 3048 1160 3113 Bauari.“
1183 3054 1214 3113 et
1236 3067 1377 3132 compre-

213 3178 216 3183 ·
257 3156 371 3224 hendit
392 3157 528 3239 paginas
551 3160 728 3224 237-284.
779 3157 927 3240 Epistola
948 3156 1146 3223 dedicatoria
1167 3156 1210 3223 ad
1231 3157 1376 3223 Maximi·

258 3269 378 3333 lianum
406 3265 456 3348 II,
490 3266 566 3331 data
588 3267 777 3348 „Basileae‚
809 3266 884 3332 XX.
914 3265 966 3333 die
988 3268 1109 3349 Martii,
1138 3268 1232 3333 Anno
1255 3268 1377 3335 Salutis

258 3378 418 3443 humanae
446 3376 488 3441 Μ.
518 3378 557 3441 D.
586 3377 724 3443 LXVI.“
755 3397 850 3460 quam
878 3377 1065 3462 subscripsit
1093 3425 1112 3459 „
1120 3377 1230 3443 Simon
1260 3377 1375 3443 Sohar-

258 3488 331 3555 dius
352 3487 413 3552 D.“
436 3487 501 3570 (qui
529 3487 607 3552 obiit
627 3507 656 3553 a.
690 3491 792 3570 1572),
814 3488 924 3571 fusius,
947 3495 979 3554 et
1003 3487 1098 3553 modo
1120 3487 1217 3571 Papis
1239 3486 1376 3554 infestis·

258 3598 379 3679 simo,⁴)
409 3586 523 3663 tractat
546 3596 587 3663 de
614 3596 729 3662 finibus
749 3598 833 3663 inter
855 3597 1028 3680 Imperium
1050 3604 1082 3664 et
1103 3598 1280 3665 Ecclesiam
1302 3617 1375 3663 con·

257 3707 439 3786 stituendis;
462 3708 549 3773 unde
570 3714 676 3774 tamen
699 3726 806 3790 opera,
830 3707 864 3771 in
885 3727 982 3772 unum
1005 3708 1149 3790 collecta,
1172 3707 1323 3789 hauserit,
1343 3715 1376 3773 et

258 3818 334 3902 quid
361 3817 405 3884 ad
433 3817 668 3884 emendandum
697 3824 818 3883 textum
847 3837 955 3883 corum
978 3818 1078 3900 egerit
1099 3818 1215 3901 editor,
1245 3819 1374 3886 silentio

257 3928 489 4012 praetermittit.
547 3928 585 3994 In
613 3929 747 3994 transitu
769 3932 908 4008 tantum,
938 3926 1031 3994 finem
1054 3949 1174 4008 versus,
1199 3951 1297 3996 unum
1319 3933 1372 3999 vel

304 4249 345 4314 '⁴)
364 4246 534 4302 Bonifacium
551 4247 623 4301 VIlI.
643 4262 665 4301 e.
685 4263 723 4315 gr.
742 4247 915 4304 Malefacium
932 4248 1005 4304 dicit.
