2940 5040
357 350 493 408 DANTIS
511 350 729 408 MONARCHIA
745 351 793 408 111.
812 351 841 406 C.
860 357 883 407 2.

449 665 453 678 .
523 614 646 689 [creon
667 614 713 689 m]

143 747 196 812 Ad
216 751 416 831 praesentem
431 748 650 827 quaestionem
666 747 906 830 discutiendam,
930 748 1011 813 sicut
1032 747 1065 812 in
1087 769 1178 832 supe·

58 850 194 916 rioribus
216 854 265 914 θεῖ
286 854 466 932 peractum,
496 848 629 930 aliquod
650 850 839 935 principium
868 855 917 915 est
938 850 1177 936 adsumendum,

57 953 89 1017 in
119 952 236 1018 virtute
266 951 355 1035 cujus
383 950 576 1034 aperiendae
606 951 750 1018 veritatis
779 957 965 1033 argumenta
997 952 1177 1020 formentur.

57 1056 141 1120 Nam
166 1055 235 1121 sine
256 1053 398 1138 praefixo
420 1053 592 1138 principio,
622 1054 718 1120 etiam
747 1074 823 1119 vera
852 1053 1001 1136 dicendo,
1031 1057 1178 1122 laborare

59 1156 136 1239 quid
158 1154 313 1240 prodest?
336 1175 433 1236 quum
454 1156 644 1240 principium
660 1157 762 1222 solum
777 1156 1044 1224 adsumendorum
1059 1157 1177 1224 medio·
1198 1180 1212 1225 ε

57 1281 126 1325 rum
149 1258 191 1324 sit
212 1257 313 1322 radix.
1183 1295 1186 1299 ι

144 1360 234 1425 Ηθθθ
265 1359 362 1441 igitur
393 1359 621 1442 irrefragabilis
662 1361 779 1428 veritas
812 1361 1019 1446 praefigatur,
1059 1361 1180 1428 scilicet

58 1461 163 1544 quod
196 1462 319 1546 illud,
358 1461 462 1545 quod
495 1468 664 1529 naturae
706 1463 929 1529 intentioni
964 1468 1179 1548 repugnat,

58 1566 166 1630 Deus
188 1565 302 1630 nolit.
340 1565 424 1629 Nam
447 1565 474 1629 si
495 1565 557 1631 hoc
572 1585 681 1631 verum
702 1586 765 1631 non
783 1571 876 1648 esset,
901 1564 1178 1632 contradictorium

59 1668 129 1752 ejus
156 1688 219 1733 non
250 1671 335 1733 esset
362 1667 493 1751 falsum,
535 1666 621 1749 quod
650 1672 712 1733 est:
746 1668 851 1733 Deum
878 1688 940 1734 non
973 1668 1059 1734 nolle
1093 1666 1179 1749 quod
1198 1692 1228 1741 10

56 1776 189 1835 naturae
212 1769 378 1835 intentioni
399 1773 563 1855 repugnat.
608 1768 650 1832 Et
678 1769 705 1833 si
733 1770 794 1834 hoc
815 1790 877 1834 non
900 1769 1030 1853 falsum,
1059 1790 1180 1836 necea

58 1893 142 1955 quae
169 1877 341 1954 sequuntur
369 1868 412 1934 ad
439 1871 553 1955 ipsum.
604 1871 806 1955 Impossibile
835 1870 918 1935 enirn
948 1876 996 1936 θεῖ
1017 1871 1050 1935 in
1071 1892 1178 1937 neces-

56 1975 149 2039 sariis
172 1973 404 2055 consequentiis
426 1973 542 2038 falsum
564 1992 635 2038 θεεθ
658 1992 862 2054 consequens,
886 1970 1093 2038 antecedente
1116 1993 1180 2038 non

55 2076 137 2152 falso
161 2076 326 2142 existente.

144 2178 208 2245 Sed
231 2177 272 2242 ad
295 2198 370 2243 non
392 2177 519 2261 nolle,
543 2177 678 2242 alterum
701 2176 834 2244 duorum
856 2177 998 2258 sequitur
1016 2175 1055 2240 de
1070 2195 1176 2242 neces·
1199 2202 1227 2251 ιε

57 2281 168 2363 sitate,
203 2285 258 2344 θεῖ
289 2280 416 2363 velle,
451 2284 609 2344 autnon
639 2280 764 2346 velle:
798 2279 879 2343 sicut
911 2277 953 2342 ad
986 2298 1049 2344 non
1078 2278 1176 2362 odire,

56 2382 236 2449 necessario
260 2381 416 2465 sequitur,
446 2386 501 2446 aut
529 2401 652 2465 amare,
682 2387 736 2446 aut
764 2402 827 2448 non
857 2401 979 2446 amare:
1007 2380 1177 2447 nonenim

56 2506 120 2551 non
148 2504 271 2566 amare,
301 2488 351 2548 est
379 2483 480 2567 odire3
511 2503 570 2548 nec
597 2504 660 2550 non
688 2484 788 2568 velle,
820 2490 868 2550 est
885 2483 986 2564 nolle,
1016 2488 1050 2547 ut
1079 2482 1119 2547 de
1142 2502 1177 2550 se

57 2593 154 2670 patet.
194 2588 284 2666 Quae
306 2585 333 2650 si
355 2586 438 2650 falsa
459 2607 522 2651 non
544 2591 624 2670 sunt,
647 2586 710 2650 ista
724 2607 787 2651 non
806 2587 866 2652 erit
886 2585 985 2650 falsa:
1007 2585 1095 2650 Deus
1109 2586 1178 2650 vult

57 2688 143 2771 quod
164 2709 227 2754 non
249 2688 331 2770 vult3
357 2688 447 2772 cujus
469 2687 593 2752 falsitas
614 2708 679 2754 non
700 2688 798 2755 habet
821 2689 1024 2774 superiorem.
1197 2710 1229 2762 20

142 2789 236 2871 Quod
257 2797 364 2855 autem
387 2809 496 2855 verum
519 2790 560 2855 sit
583 2788 669 2871 quod
692 2788 820 2871 dicitur,
845 2789 890 2853 sic
913 2788 1055 2854 declaro:
1077 2789 1176 2853 Mani-

56 2889 172 2958 festum
202 2897 250 2958 est
286 2891 372 2974 quod
401 2891 489 2957 Deus
522 2889 616 2957 finem
651 2896 784 2955 naturae
815 2890 896 2955 vult:
933 2890 1026 2954 aliter
1056 2891 1179 2956 coelum

58 3075 122 3144 Cep.
141 3075 175 3128 11.
205 3075 253 3128 ¹L.
265 3081 367 3145 quaest.
387 3075 591 3131 discurrendum
711 3074 891 3139 antecedente,
910 3075 981 3142 quod
998 3073 1110 3143 probari
1118 3079 1178 3143 pot-

102 3164 120 3226 ¹,
139 3161 151 3193 ²
168 3160 199 3214 F.
219 3161 288 3214 sicut
306 3160 334 3212 ic
346 3160 558 3230 precedentibus
711 3164 759 3212 est.
784 3188 817 3197 —
846 3157 885 3212 M.
904 3161 932 3214 e‘n
955 3175 1055 3216 necess.
1073 3163 1178 3214 antece·

100 3247 112 3280 ²
128 3245 196 3300 Edd.
201 3245 372 3316 principatum
383 3251 423 3299 est
434 3245 592 3300 sternendum
712 3243 790 3297 dente
812 3275 846 3282 -
873 3243 1014 3312 Sequimur
1038 3243 1176 3310 editiones,

100 3332 111 3363 ⁴
130 3332 255 3386 laborare
273 3331 347 3384 deest
363 3330 392 3384 in
410 3331 441 3384 F.
712 3329 875 3385 auctoritate
892 3329 980 3384 Ficini
997 3330 1113 3399 adjutas.

100 3418 110 3449 ⁷
128 3417 159 3469 F.
177 3416 255 3470 Haec
273 3432 337 3486 erqo
356 3416 449 3486 irrefr.
664 3415 685 3447 ¹⁸
702 3415 735 3468 A.
754 3415 793 3468 M.
817 3431 867 3470 nec
890 3431 945 3470 non
968 3414 1040 3469 nolle
1065 3423 1106 3468 est
1122 3430 1178 3468 non

141 3501 198 3568 Ιῖε,
218 3499 323 3555 codices
346 3500 377 3554 F.
395 3501 429 3554 Η.
448 3501 478 3555 Ρ.
497 3502 530 3559 V.
549 3518 590 3558 se·
712 3499 778 3553 velte
797 3529 826 3537 —
846 3499 877 3552 F.
901 3516 950 3554 nec
973 3516 1028 3554 non
1052 3499 1118 3553 cette
1139 3504 1178 3553 est

126 3586 214 3655 quuti,
239 3586 404 3655 scripsimus.
430 3618 464 3627 -
491 3587 524 3640 L.
552 3589 590 3646 M.
711 3584 856 3640 notescite
875 3619 904 3627 -
924 3583 954 3638 P.
973 3583 1178 3640 aeeacuoette

118 3671 414 3742 praeficeratur-A.
426 3674 592 3745 praecipuc-
712 3676 753 3725 est
770 3670 837 3725 celte

125 3761 170 3810 tur
186 3787 221 3794 —
237 3756 306 3810 Edd.
319 3759 517 3826 praemittatur
674 3757 695 3790 ¹⁰
711 3756 744 3810 F.
764 3754 833 3821 Quia
850 3756 875 3808 si
890 3754 967 3824 fctsc
982 3784 1014 3792 -
1028 3754 1061 3808 L.
1081 3752 1138 3819 Quo
1155 3753 1182 3806 si

86 3842 108 3874 ¹⁰
124 3841 163 3897 M.
175 3841 261 3896 Deum
279 3857 333 3895 non
347 3841 494 3895 celle-H.
506 3842 593 3896 Deum
711 3841 788 3913 falsa
807 3873 836 3880 —
856 3840 893 3893 M.
913 3837 1034 3904 Quodsi
1049 3837 1127 3907 falsa

125 3924 207 3990 nolle,
216 3925 357 3994 interjecto
367 3926 437 3981 inter
445 3927 530 3982 lineas
538 3944 592 3982 non
728 3927 766 3980 M.
785 3927 838 3980 istc
856 3941 911 3979 non
928 3925 981 3978 erit
996 3923 1100 3994 falsum

86 4013 104 4045 ²¹
122 4012 155 4064 A.
183 4026 239 4064 uon
265 4010 370 4080 falsum
396 4017 436 4064 est
460 4042 495 4051 -
523 4011 592 4066 Edd.
670 4013 694 4045 ²⁰
710 4010 742 4064 V.
761 4012 842 4082 cujac
858 4010 1080 4079 falsitatis-L.
1099 4009 1179 4079 eujus

125 4112 180 4149 uon
198 4100 237 4149 est
252 4095 356 4166 falsum
711 4095 831 4165 felicitas

84 4181 105 4214 ¹³
122 4181 155 4234 A.
178 4180 210 4234 F.
235 4180 269 4234 H.
288 4181 319 4234 L.
345 4180 376 4233 P.
394 4178 426 4232 V.
451 4180 480 4234 e'n
504 4196 592 4235 neces·
670 4182 692 4214 ²¹
710 4180 741 4234 P.
761 4180 871 4234 omittit:
892 4182 966 4253 quod
982 4182 1082 4237 dicitur

124 4266 205 4320 scriis
223 4281 390 4335 consequens
404 4264 508 4335 salsum
527 4281 593 4332 esse,
