2940 5040
456 335 591 390 DANTIS
609 334 827 391 MONAROHIA
843 335 878 390 II.
897 335 926 391 0.
945 343 968 392 9.
1232 333 1269 393 71

151 508 257 593 operis
280 507 478 573 admirabilis
500 509 684 574 Lucanus
711 507 907 576 insecundo
936 506 1122 574 Pharsaliae
1150 527 1273 574 memor

149 611 217 677 fuit.
263 608 356 676 Oanit
378 610 463 676 enim
484 610 530 676 ibi
552 612 612 676 sic:

355 743 430 798 Tella
448 743 521 798 fama
539 744 612 798 canit
628 744 761 798 tumidum
778 759 860 812 super
876 757 995 812 aequora
1012 742 1129 798 Xerxem
1291 747 1323 798 40

356 827 546 884 Construxisse
563 829 634 895 vias3

150 952 182 1015 et
204 946 335 1014 tandem
364 948 587 1015 miserabiliter
614 950 656 1014 ab
687 949 833 1032 incoepto
865 949 1028 1033 repulsus,
1058 947 1102 1013 ad
1125 949 1272 1014 bravium

151 1050 318 1136 pervenire
339 1070 403 1116 non
424 1050 536 1135 potuit.

236 1153 368 1218 Praeter
388 1151 477 1235 istos,
500 1156 532 1217 et
553 1157 635 1236 post,
657 1150 890 1218 Alexander
911 1172 967 1218 rex
982 1151 1116 1218 Macedo
1131 1151 1271 1220 maxime

150 1253 292 1320 omnium
315 1253 358 1318 ad
379 1254 520 1338 palmam
534 1253 738 1320 Monarchiae
752 1253 984 1337 propinquans,
1009 1252 1084 1318 dum
1105 1274 1163 1338 per
1185 1255 1271 1336 lega·
1290 1273 1321 1324 45

153 1360 202 1421 tos
232 1353 276 1419 ad
298 1354 492 1421 deditionem
516 1356 675 1421 Romanos
697 1359 933 1442 praemoneret,
968 1352 1055 1436 apud
1079 1353 1270 1440 Aegyptum,

149 1461 226 1521 ante
247 1458 461 1522 Romanorum
482 1457 736 1539 responsionem,
760 1462 795 1520 ut
809 1455 950 1521 Livius
972 1460 1094 1538 narrat,
1117 1455 1151 1520 in
1165 1455 1271 1523 medio

151 1557 244 1639 quasi
266 1577 359 1624 cursu
382 1559 542 1642 collapsus
565 1564 621 1624 est.
658 1559 708 1625 De
731 1559 822 1643 cujus
845 1558 944 1624 etiam
965 1558 1129 1641 sepultura
1150 1556 1272 1623 ibidem

149 1659 308 1726 existente
339 1660 540 1744 Lucanus,
573 1660 607 1724 in
640 1666 769 1744 octavo,
804 1659 959 1726 invehens
992 1658 1025 1722 in
1053 1659 1273 1739 Ptolemaeum

149 1779 261 1842 regem
282 1761 437 1846 Aegypti,
461 1761 675 1827 testimonium
698 1761 804 1828 reddit
826 1761 949 1828 dicens:
1291 1785 1323 1834 50

356 1893 456 1948 Ultima
472 1894 580 1961 Lageae
598 1892 690 1961 stirpis
708 1896 882 1964 perituraque
900 1894 990 1962 proles

356 1978 490 2045 Degener,
509 1977 629 2033 incestae
648 1981 762 2049 sceptris
782 1993 890 2034 cessure
908 1977 1009 2043 sorori,

356 2063 444 2131 Quum
461 2063 511 2117 tibi
528 2068 635 2118 sacrato
654 2061 768 2116 Macedo
789 2067 909 2117 servetur
925 2063 954 2117 In
972 2068 1059 2118 antro.

176 2267 202 2300 ³⁸
219 2266 250 2319 P.
269 2280 339 2337 opas
356 2265 516 2320 admirabile
533 2265 607 2318 -V.
625 2280 688 2336 apa·
766 2264 790 2297 ⁴⁶
807 2264 840 2316 A.
859 2265 891 2317 F.
909 2265 943 2318 H.
962 2265 994 2317 L.
1013 2264 1043 2317 P.
1055 2264 1132 2318 -V.
1146 2281 1274 2335 praemo-

223 2352 263 2404 ris
280 2350 479 2405 admirabiliter
807 2357 917 2403 rrcrctar
942 2380 976 2387 -
998 2348 1036 2403 M.
1057 2354 1084 2403 et
1102 2348 1176 2403 editt.
1192 2366 1274 2421 prac-

220 2437 253 2488 A.
272 2434 303 2487 F.
322 2434 356 2487 H.
373 2434 405 2487 L.
424 2435 454 2487 P.
468 2466 496 2474 -
509 2436 543 2488 V.
559 2436 617 2504 fait
634 2451 688 2488 mc·
807 2440 896 2487 maaet

220 2535 279 2572 mar
296 2549 329 2556 -
347 2519 416 2573 Edd.
435 2521 555 2574 meminit
765 2519 788 2551 ⁴⁷
806 2517 843 2572 A.
862 2519 902 2586 H.
915 2518 946 2572 L.
966 2508 1053 2572 M'P.
1066 2518 1099 2572 V.
1120 2524 1147 2571 et
1164 2517 1274 2572 Ficinus

176 2604 203 2636 ³⁹
219 2603 250 2656 L.
269 2603 300 2656 P.
320 2634 354 2644 -
376 2604 408 2656 A.
426 2606 497 2659 caim
516 2605 554 2659 ibi
569 2605 686 2659 sr'cat-
807 2635 840 2643 -
867 2605 898 2658 F.
930 2610 956 2659 et
980 2602 1039 2661 edd.
1065 2602 1180 2671 pessIme
1212 2610 1276 2657 arrtc

221 2687 253 2740 F.
262 2687 296 2740 Η.
307 2688 341 2741 M.
352 2689 386 2742 V.
397 2695 424 2742 et
433 2688 492 2742 edd.
503 2695 557 2742 ant.
567 2690 637 2741 caim
648 2689 689 2741 sic
808 2688 993 2743 Romanorum
1010 2687 1142 2741 rationem

176 2773 202 2805 ⁴⁰
218 2772 254 2825 H.
275 2771 366 2826 Talem
385 2804 418 2812 —
435 2773 504 2826 Edd.
524 2772 604 2826 Tales
766 2773 791 2806 ⁴⁹
808 2773 841 2827 V.
859 2773 1064 2828 Ptbolomacam

238 2858 373 2924 Impressa
398 2858 504 2912 Lucani
523 2855 689 2925 exemplaria
767 2859 790 2891 ⁶²
808 2857 920 2925 Omnes,
959 2864 1014 2912 tarn
1048 2874 1129 2912 manu
1165 2857 1275 2916 exarati.

220 2943 322 2997 habent
339 2958 416 3012 acqa.
436 2942 537 2996 Persea
807 2959 887 3011 quarn
905 2943 975 3012 typis
987 2943 1108 3012 expressi
1116 2959 1165 3011 pro
1175 2944 1274 3006 sorori,

178 3028 202 3059 ⁸⁴
220 3027 254 3080 H.
272 3043 327 3081 rex
344 3026 524 3081 Maccdaaam
535 3057 569 3064 —
583 3028 617 3080 A.
636 3041 690 3080 racc
809 3028 880 3095 quod
899 3035 938 3083 est
955 3029 984 3082 in
1001 3028 1128 3092 Lucano,
1148 3027 1276 3082 exhibent

239 3111 372 3166 Macedon
809 3114 913 3166 sororis

223 3299 246 3332 ³⁸
263 3298 368 3351 Lucan.
387 3296 507 3351 Pharsal.
526 3297 561 3350 II.
580 3301 638 3350 672.
726 3298 748 3330 ¹³⁷
766 3296 846 3351 Tales
872 3297 980 3352 fabulas
1006 3301 1036 3350 ut
1062 3297 1152 3351 tradat
1169 3299 1276 3350 tantum

150 3369 232 3423 abest
248 3367 363 3429 Lrvrus,
383 3372 413 3418 ut
429 3365 519 3434 potius
538 3366 595 3430 (IX.
613 3380 673 3434 cap.
696 3369 724 3418 18
742 3364 790 3418 Nr.
809 3371 844 3430 6.)
862 3365 1011 3420 Alexandri
1032 3381 1129 3419 nomen
1146 3364 1276 3418 Romanis

153 3435 260 3490 coaevis
286 3450 321 3489 ne
347 3434 418 3487 fama
451 3434 557 3502 quidem
589 3439 682 3489 notum
717 3432 801 3487 fuisse
834 3434 987 3487 arbitretur.
1032 3432 1129 3487 Graeci
1161 3432 1276 3502 quidem,

152 3503 338 3558 Currnncrruu
356 3504 477 3568 sequuti,
507 3502 609 3570 legatos
633 3502 816 3556 Romanorum
840 3501 1024 3555 Alexandrum
1048 3508 1113 3555 tunc
1138 3500 1276 3569 Babylone

153 3576 303 3625 morantem
320 3570 403 3624 adiise
421 3568 525 3639 ferunt,
544 3570 604 3635 sed,
629 3571 651 3623 si
668 3570 853 3625 Nrnaunarun
878 3570 957 3634 (Hist.
975 3570 1053 3624 Rom.
1071 3569 1118 3622 III.
1142 3573 1206 3634 194.)
1229 3583 1274 3622 ex-

152 3639 272 3708 ceperis,
290 3639 376 3692 nostri
393 3638 520 3706 temporis
542 3643 666 3691 auctores
690 3641 796 3692 tantum
814 3655 868 3692 non
886 3653 992 3702 omnes,
1016 3653 1103 3707 neque
1121 3638 1191 3691 hanc
1211 3651 1274 3690 nar-

154 3708 286 3762 rationem
320 3705 373 3760 fide
408 3705 515 3772 dignam
538 3706 700 3759 existimant.
742 3707 835 3774 Longe
867 3706 945 3760 aliter
977 3720 1046 3774 quae
1080 3706 1130 3759 sub
1163 3704 1274 3759 mentito

152 3775 358 3830 Cannrsrrrnurs
376 3775 482 3827 nomine
501 3773 727 3828 circumferuntur
743 3774 900 3829 recentioris
920 3774 979 3828 aevi
995 3773 1104 3842 scripta,
1122 3773 1276 3841 Innrrrsque

154 3843 298 3898 Varamos
317 3858 408 3896 eorum
424 3841 600 3909 pedissequus
615 3857 671 3895 rem
688 3843 848 3910 expediunt,
867 3843 964 3910 quibus
983 3842 1005 3895 si
1024 3841 1175 3906 credideris,
1194 3841 1275 3894 Alex·

155 3911 270 3966 andrum
291 3911 347 3979 jam
372 3917 434 3964 ante
467 3911 586 3964 Indicam
610 3910 806 3979 expeditionem
829 3917 889 3964 cum
912 3911 1032 3964 exercItu
1049 3910 1077 3963 in
1094 3909 1200 3963 Italiam
1219 3914 1274 3962 tra·

149 3980 265 4047 jecisse,
293 3985 319 4033 et
343 3994 358 4030 a
382 3978 511 4032 Romanis
537 3994 639 4032 summo
663 3979 765 4033 honore
789 3988 945 4046 exceptum,
973 3994 1019 4032 eos
1044 3978 1072 4030 in
1094 3978 1175 4031 tidem
1200 3992 1276 4031 suam

155 4048 298 4116 recepisse,
317 4046 398 4100 dices.
436 4046 488 4100 Sed
507 4047 618 4100 ethaeo
641 4047 676 4100 ab
695 4048 813 4101 auctoris
837 4047 924 4101 nostri
941 4046 1096 4100 narratione
1114 4059 1275 4115 magnopere

156 4115 266 4170 distant.
301 4114 369 4168 Tam
392 4115 444 4168 hoc
469 4131 501 4169 ex
525 4114 584 4168 loco
602 4114 694 4182 igitur,
721 4131 800 4183 quarn
817 4130 851 4168 ex
867 4114 912 4169 illo
929 4113 1032 4168 Inferni
1049 4112 1131 4178 (XIV.
1151 4118 1200 4178 31.)
1219 4119 1275 4167 sta-

153 4182 285 4238 tuendum
303 4182 362 4245 erit,
381 4182 497 4237 Dantem
514 4181 613 4236 fabulis
633 4183 705 4237 circa
723 4199 766 4236 res
785 4183 818 4236 ab
828 4181 982 4237 Alexandro
1000 4187 1089 4250 gestas
1108 4181 1275 4237 nostratibus

151 4251 297 4321 incognitis
314 4266 393 4305 usum
411 4266 477 4306 esse.
565 4251 588 4283 ⁴⁹
605 4251 709 4306 Lucau.
728 4251 851 4305 Pharsal.
869 4250 943 4306 VIII.
961 4255 1019 4306 692.
