2940 5040
462 324 597 381 DANTIS
615 325 833 381 MONARCHIA
849 327 884 380 Π,
904 327 933 382 0.
951 333 975 382 6.
1237 328 1277 389 59

156 517 231 582 gere
253 497 322 563 sine
344 497 490 565 sanitate.
534 500 668 584 Propter
690 498 776 582 quod
798 498 1037 566 evidentissime
1058 507 1163 586 patet,
1193 502 1279 584 quod

155 600 250 670 finem
274 599 357 684 juris
385 598 617 683 intendentem,
653 606 779 687 oportet
808 620 879 667 cum
903 602 976 686 jure
1005 602 1183 687 intendere3
1219 624 1278 671 nec

156 703 245 768 valet
266 702 433 785 instantia,
457 721 540 784 quae
563 702 603 768 de
626 703 734 769 verbis
755 703 1001 789 Philosophi
1024 705 1185 771 eubuliam
1206 724 1276 789 per·
1296 711 1328 763 30

155 805 324 871 tractantis
346 804 420 870 elici
441 805 531 870 solet.
576 803 663 869 Dicit
685 803 770 870 enim
791 804 1020 890 Philosophus:
1048 806 1135 889 „Sed
1163 813 1196 875 et
1217 807 1278 874 hoc

155 907 237 974 lelso
260 907 464 992 syllogismo,
488 905 609 988 sortiri,
633 904 738 986 quod
760 904 889 988 quidem
911 912 1035 992 oportet
1056 909 1178 993 sortiri,
1208 929 1279 994 per

156 1008 264 1092 quod
295 1013 417 1092 autern,
450 1028 514 1073 non
521 1057 529 1090 ,
568 1005 627 1073 sed
658 1006 773 1072 falsum
806 1006 946 1072 medium
976 1010 1144 1076 terminum
1176 1008 1277 1079 essc.“

154 1111 240 1176 Nam
270 1110 297 1175 si
326 1132 367 1177 ex
388 1109 478 1174 falsis
507 1128 617 1173 verum
648 1107 883 1191 quodammodo
906 1111 1118 1195 concluditur,
1145 1111 1206 1178 hoc
1228 1117 1278 1178 cst

154 1233 213 1296 per
235 1210 399 1295 accidens,
428 1211 462 1276 in
484 1216 637 1292 quantum
658 1209 739 1275 illud
761 1231 870 1278 verum
893 1211 1082 1296 importatur
1102 1233 1160 1298 per
1181 1234 1277 1280 voces
1295 1220 1326 1272 3⁵

155 1313 325 1397 illationis,
354 1334 411 1398 per
439 1333 475 1380 se
497 1313 582 1379 enim
610 1332 720 1380 verum
748 1333 909 1395 nunquam
937 1314 1079 1397 sequitur
1107 1336 1147 1381 ex
1176 1315 1275 1399 falsis,

156 1415 248 1497 signa
269 1421 377 1480 tamen
400 1415 468 1481 veri
490 1416 572 1481 bene
594 1419 768 1495 sequuntur
790 1435 831 1481 ex
852 1415 961 1500 signis,
985 1436 1067 1499 quoe
1090 1421 1164 1482 sunt
1185 1417 1276 1498 signa

156 1516 238 1582 falsi.
283 1516 336 1582 Sic
358 1522 389 1584 et
411 1517 445 1581 in
467 1516 692 1600 operabilibus.
736 1517 835 1600 Nam,
864 1517 940 1583 licet
960 1518 1010 1583 fur
1032 1518 1071 1583 de
1097 1519 1179 1584 furto
1203 1519 1274 1585 sub-

179 1667 203 1699 ³⁰
220 1665 252 1720 F.
271 1683 322 1721 oec
338 1668 411 1721 colet
426 1670 559 1722 sententio

180 1751 203 1783 ³¹
213 1760 255 1795 bt·
264 1751 359 1806 Lectio
373 1768 453 1820 quam
461 1752 490 1806 in
502 1756 604 1806 textum
614 1766 689 1806 rece-

808 1668 974 1736 propositam
1016 1676 1161 1738 sequutus:
1210 1669 1277 1724 dicit

808 1754 894 1807 enim:
913 1753 997 1808 Falso
1009 1754 1166 1825 spllopismo
1182 1754 1279 1810 sortiri

220 1836 318 1904 pimus,
336 1836 401 1891 licet
416 1837 613 1904 obscuriorem,
631 1836 689 1890 sine

221 1920 278 1974 ulla
295 1921 425 1977 varietate
443 1921 559 1976 habetur
575 1921 603 1974 in
614 1921 645 1974 F.
655 1920 687 1975 L.

220 2005 251 2058 P.
270 2005 310 2070 V,
334 2010 362 2061 et
385 2006 547 2061 adverbum
565 2005 689 2060 convenit

221 2106 282 2144 cum
306 2091 359 2145 loci
376 2091 544 2146 Aristotelici
564 2091 687 2145 versione

222 2175 342 2242 antiqua.
355 2177 452 2231 -Pro
471 2178 614 2231 terminum
629 2192 688 2230 erse

220 2259 255 2314 H.
274 2260 382 2314 exhibet
400 2261 528 2316 tibiom'rer'
543 2267 591 2314 est.
606 2260 686 2314 -M.

221 2343 310 2398 omitit
334 2343 530 2417 Philosophus,
561 2349 589 2399 et
614 2344 689 2415 qood

221 2428 330 2498 pur‘dem
339 2437 445 2500 oportet
453 2431 548 2484 sortiri
560 2429 687 2483 —Paulo

220 2513 302 2567 letius
320 2513 404 2568 distat
412 2515 445 2568 A.
460 2513 526 2570 dicit
542 2516 612 2568 coine
622 2513 689 2569 Pot-

220 2596 350 2668 loeopltoe
358 2614 442 2670 super
456 2598 507 2654 hoc
522 2600 598 2670 salso
607 2599 689 2670 spito·

220 2685 307 2755 pismo
331 2685 446 2739 sortitur
476 2684 551 2754 qood
579 2684 688 2754 quidem

220 2773 328 2840 oportet
345 2785 400 2840 per
424 2770 499 2839 quod
521 2775 609 2824 cutem
629 2769 686 2824 rell.

219 2883 254 2891 —
277 2852 361 2907 Editt.
385 2853 549 2921 antiquiores
572 2852 686 2908 habent:

220 2936 295 2991 Dicit
318 2937 388 2991 croire
411 2937 460 2991 sed
488 2942 514 2990 et
538 2936 589 2992 hoc
611 2937 687 3006 soleo

219 3022 391 3093 syllopismo:
408 3021 518 3087 Sortirr‘,
537 3023 612 3092 qood
629 3024 688 3093 qro'-

220 3106 280 3160 dem
315 3111 422 3177 oportet
455 3108 560 3172 sortiri,
594 3108 691 3162 sortiri

220 3197 335 3262 oportet,
352 3208 404 3262 per
421 3191 496 3262 quod
512 3197 602 3246 eutem
620 3193 686 3256 rell,

809 1837 885 1907 qood
909 1838 1017 1907 quidem
1043 1844 1151 1910 oportet
1173 1839 1276 1903 sortiri,

804 1937 900 1993 posse:
912 1939 967 1992 per
985 1924 1060 1993 qood
1069 1928 1158 1978 cutem
1169 1923 1227 1976 rell.
1243 1954 1276 1962 -

807 2006 980 2060 Bonunuuos
991 2024 1077 2076 nuper
1088 2007 1217 2076 conjecit:
1236 2006 1276 2060 rii-

806 2093 844 2145 cit
869 2093 939 2145 enim
966 2093 995 2146 ire
1018 2100 1097 2146 sexto
1128 2091 1166 2146 od
1192 2091 1275 2146 Nico-

805 2174 937 2242 pecctore,
954 2176 1032 2246 soleo
1049 2177 1148 2248 syllop.
1166 2176 1223 2231 rell.

768 2261 791 2293 ³⁴
809 2259 846 2314 A.
862 2260 896 2314 H.
916 2291 944 2299 -
962 2261 994 2314 F.
1011 2261 1050 2315 M.
1061 2262 1090 2315 P.
1102 2262 1135 2316 V.
1154 2265 1181 2317 et
1199 2260 1274 2316 editt.

808 2345 909 2414 antiqu.
936 2344 1009 2399 Nom
1034 2347 1060 2400 si
1088 2363 1126 2401 ec
1148 2346 1274 2418 cplloqr's-

807 2431 858 2483 mis
881 2459 913 2468 -
939 2430 971 2482 L.
989 2429 1061 2485 Nom
1084 2433 1110 2485 ai
1129 2447 1167 2486 ec
1181 2430 1273 2502 philo·

807 2512 901 2584 sophis
926 2545 960 2554 —-
986 2515 1056 2569 Nom
1082 2517 1108 2570 ει·
1132 2532 1169 2571 eoo
1190 2516 1275 2587 soleis

806 2598 979 2669 spilopr'smr'a,
997 2599 1078 2668 quod,
1102 2617 1184 2669 quum
1200 2600 1274 2656 Fici·

807 2699 871 2736 num
881 2684 921 2736 ito
930 2684 1057 2740 habuisse
1066 2686 1189 2752 riderem,
1201 2701 1273 2740 com-

806 2767 1001 2835 mendaveram,
1012 2769 1042 2823 in
1055 2775 1158 2824 textum
1172 2770 1275 2840 recepit

805 2851 943 2907 Fruticell.

756 2936 787 3002 ³⁰,
799 2937 822 2970 ²⁷
832 2937 864 2991 L.
876 2939 1046 3007 sepuitorem
1058 2938 1274 3011 philosophissi·

806 3022 965 3092 prtificotam
982 3024 1041 3078 veri
1057 3024 1122 3079 berte
1142 3040 1217 3094 sequ.
1237 3041 1274 3080 cx

806 3108 893 3178 sipoto
910 3124 981 3177 quoe
1002 3114 1065 3162 soret
1087 3110 1168 3180 sipoto
1180 3109 1273 3181 pbilo-

805 3190 887 3262 sophi

219 3290 306 3345 neque
324 3276 402 3330 aliter
419 3277 582 3332 Turrius.-
597 3277 686 3331 Freti-
764 3276 788 3309 ³⁸
804 3276 834 3330 P.
853 3275 925 3330 Nom
943 3278 969 3331 εἰ
983 3276 1120 3347 for—M.
1136 3277 1273 3349 Utbujos-

219 3361 320 3426 cellius,
340 3361 524 3430 conjecturam
540 3361 685 3416 olimame
804 3360 893 3415 modi:
909 3361 961 3431 sor

220 3497 650 3551 ³¹An1suounu1sEth.Nlcom.
669 3495 715 3548 VI.
735 3500 776 3550 10.
795 3499 839 3562 (ex
856 3512 924 3551 vers.
942 3500 1021 3556 vett:
1058 3497 1193 3562 „Eubulia
1213 3540 1218 3552 .
1239 3539 1244 3551 .
1266 3540 1272 3553 .

152 3564 294 3619 consilium
312 3564 446 3633 quoddam
466 3607 472 3618 .
492 3603 499 3616 .
519 3607 525 3618 .
546 3563 714 3618 .Rectitudo
730 3564 861 3632 quaedam
878 3571 919 3619 est
939 3566 1049 3619 eubulia
1063 3567 1167 3620 consilii
1187 3607 1192 3619 .
1214 3608 1219 3619 .
1240 3608 1246 3620 .
1266 3609 1272 3620 .

152 3633 228 3688 Telis
250 3633 384 3688 rectitudo
408 3633 513 3688 consilii
538 3632 657 3697 eubulia,
683 3647 752 3700 qnae
775 3633 840 3688 boni
861 3633 993 3702 adoptiva.
1030 3634 1083 3689 Sed
1108 3641 1149 3689 est
1173 3640 1201 3688 et
1219 3635 1272 3690 hoc

151 3701 222 3757 falso
240 3702 401 3771 syllogismo,
420 3708 447 3754 et
465 3700 535 3769 quod
553 3700 660 3767 quidem
679 3703 787 3768 oportet
803 3701 893 3756 lacere
909 3702 1009 3766 sortiri,
1026 3718 1076 3772 per
1093 3703 1165 3772 quod
1182 3708 1274 3756 autem

151 3785 215 3830 non,
232 3769 280 3824 sed
297 3769 396 3823 falsum
413 3769 530 3823 medinm
547 3768 688 3822 terminum
706 3774 792 3824 esse.“
834 3769 876 3823 Cf.
895 3770 1020 3824 Tuonnn
1037 3771 1208 3834 Aomnnnmu
1233 3770 1272 3825 ibi

151 3836 232 3892 lectio
257 3838 344 3892 VIIL:
383 3877 398 3903 „
406 3836 580 3890 Manifestum
613 3841 667 3900 est,
701 3838 774 3906 qnod
799 3854 855 3892 non
881 3838 979 3892 dicitur
1006 3842 1080 3893 recte
1107 3838 1271 3908 syllogizare,

152 3906 306 3974 quiveram
330 3905 530 3960 conclusionem
553 3919 602 3972 per
624 3904 723 3958 falsum
739 3905 856 3961 medium
874 3905 1063 3971 concluderet;
1086 3908 1159 3962 unde
1177 3923 1271 3962 conse-

152 3989 236 4041 quens
255 3980 307 4041 est,
327 3973 398 4040 quod
414 3989 469 4027 non
487 3973 522 4026 sit
538 3988 600 4028 vere
619 3973 741 4038 cubebo,
765 3974 913 4028 secundum
931 3989 1011 4043 quern
1028 3975 1125 4044 uliquis
1143 3976 1187 4030 odi
1207 3975 1271 4030 isci-

150 4044 196 4095 tur
212 4041 293 4096 tinem
311 4057 390 4110 quern
408 4048 523 4110 oportet,
541 4046 699 4095 nouantem
715 4056 765 4109 per
781 4042 908 4111 viamper
926 4059 1005 4111 quum
1019 4048 1152 4112 oportet.“
1204 4059 1271 4113 enge

150 4109 251 4164 clarius
270 4110 328 4164 sine
346 4109 427 4164 dubio
444 4124 501 4163 rem
519 4109 628 4178 exponit
645 4109 731 4163 versio
742 4109 889 4163 Bnnnnunr
902 4111 1053 4165 Funerum:
1073 4111 1164 4178 „Fieri
1181 4117 1272 4167 tomen

151 4181 256 4245 potest,
283 4186 314 4231 ut
335 4177 404 4232 falsa
433 4178 639 4232 ratiocinatione
667 4177 769 4231 bonum
794 4193 984 4247 assequamur3
1015 4195 1064 4247 per
1087 4180 1158 4248 quod
1181 4185 1270 4236 tomen

151 4252 270 4314 oportet,
288 4262 343 4300 non
360 4261 549 4314 assequamur,
568 4245 616 4301 sed
633 4244 736 4299 medius
753 4245 883 4300 terminus
901 4247 987 4302 falsus
1005 4249 1067 4301 sit.“
