2940 5040
520 354 805 416 ruouuaettunn.
1120 360 1223 415 xxvu

206 533 373 606 Romanae
392 534 605 628 arrogantiae,
633 535 731 606 nimis
757 535 866 626 elatae,
893 536 978 606 viros
997 535 1093 606 etiam
1121 545 1223 605 caete·

102 663 220 760 roquiu
249 662 331 758 parti
360 661 526 758 Guelpbae
553 662 717 752 addictoS,
750 663 855 734 verbis
889 674 921 733 et
954 663 1045 733 lactis
1071 663 1222 733 resistere

103 791 269 887 potuisse,
295 789 389 861 facile
416 788 618 884 intelligitur.
671 789 715 861 lta
743 790 840 860 etiarn
868 802 1034 861 auctorem
1063 800 1224 880 nostrum,

101 918 281 1014 apartium
301 916 408 988 studio
427 940 557 1013 semper
583 917 737 1008 alienum,
764 918 796 988 iu
825 919 925 1013 patria
946 917 1091 1014 Gnelpba
1119 917 1223 988 adbuc

105 1056 301 1134 morantem,
326 1056 358 1115 et
383 1044 523 1139 publicis
550 1036 742 1116 muneribus
769 1045 972 1140 fungentem,
1000 1047 1105 1139 egisse
1133 1055 1224 1139 puta·

103 1195 195 1263 mus3
224 1196 328 1268 neque
356 1171 540 1242 amoribus
568 1172 654 1243 illius
681 1173 747 1242 aevi
776 1172 918 1243 alienum
947 1184 1005 1263 est,
1035 1195 1111 1242 non·
1128 1172 1225 1242 sulle-

102 1301 188 1372 cisse
224 1311 259 1370 nt
291 1300 363 1396 quis
397 1299 584 1370 concivibus
619 1309 808 1395 suspectum
843 1324 877 1370 se
914 1300 1080 1392 redderet,
1120 1312 1151 1368 et
1184 1299 1224 1370 ab

106 1428 285 1500 bonoribus
325 1437 558 1516 removeretur,
592 1428 677 1522 qnod
714 1427 746 1496 in
784 1450 882 1522 opere
909 1427 987 1498 solis
1023 1427 1224 1499 doctioribus

106 1556 289 1665 composito
333 1566 365 1624 et
398 1553 593 1649 intelligibili
626 1555 826 1625 theoremata
865 1555 948 1650 parti
982 1556 1223 1626 dominantium

103 1684 239 1756 adversa
266 1681 461 1777 exposuerit.

209 1814 411 1903 Argumenta
439 1831 497 1903 pro
521 1805 595 1900 jure
622 1831 639 1877 a
666 1807 760 1904 Papis
787 1807 949 1879 vindicato
976 1810 1116 1905 prolata,
1150 1809 1225 1880 licet

105 1941 287 2029 immutata,
308 1937 418 2007 multo
444 1946 555 2004 tamen
582 1934 711 2029 plenius
738 1936 822 2031 apud
849 1945 1008 2026 auctores,
1036 1947 1148 2008 nostro
1176 1961 1226 2007 re·

105 2067 287 2157 cautiores,
321 2088 377 2134 eos
413 2061 603 2158 praesertim
641 2061 811 2156 leguntur,
848 2064 902 2158 qui
940 2075 1051 2134 contra
1087 2063 1226 2136 Lude·

107 2196 243 2265 uicum
264 2191 490 2279 Ravarnm,
520 2213 578 2285 pro
605 2189 794 2260 Jobaune
819 2189 916 2261 XXll.
945 2201 1120 2262 certarunt.
1159 2191 1223 2262 Sed

106 2344 208 2418 quum
244 2318 436 2414 scriptores,
471 2341 552 2412 qnos
586 2317 779 2412 impugnare
813 2318 979 2389 coustituit
1011 2317 1151 2409 Dentes,
1185 2319 1224 2390 ad

107 2473 168 2520 nos
189 2471 253 2518 non
274 2438 489 2541 perseueriut,
517 2455 552 2515 ut
569 2468 735 2515 summam
753 2468 867 2517 eorum
894 2433 975 2541 quae
1001 2468 1061 2540 pro
1091 2470 1125 2516 se
1152 2447 1226 2518 alle·

106 2588 185 2648 runt
210 2574 384 2670 perspiciat
410 2572 522 2662 lector,
550 2572 724 2643 nonnullas
752 2597 792 2643 ex
818 2572 994 2645 Aucusrrur
1022 2576 1225 2647 Anemurium

108 2704 296 2794 (Turenum,
322 2701 347 2790 †
376 2698 525 2790 1343²⁶t
553 2724 651 2794 opere
678 2700 718 2770 de
745 2710 902 2796 potestate
929 2701 1145 2777 ecclesiastica
1173 2703 1228 2774 de·

107 2839 233 2904 sumtus
260 2828 447 2918 sententias
474 2851 555 2922 quac
582 2828 746 2920 graviores
774 2826 854 2898 mibi
882 2827 965 2897 usae
993 2839 1080 2919 sunt,
1105 2829 1226 2922 insero,

108 2957 289 3030 secuudum
318 2955 467 3028 ordinem
497 2955 568 3025 libri
597 2955 700 3025 nostri
727 2977 781 3024 eas
809 2954 1004 3048 disponens,
1040 2967 1074 3027 ut
1101 2956 1227 3030 facilior

106 3085 242 3157 alterius
269 3106 343 3154 cnm
372 3082 471 3152 altero
499 3082 541 3152 sit
567 3081 822 3177 compositio.‘²⁷l
866 3080 1040 3152 Praemitto
1067 3084 1224 3179 quaedam

107 3237 147 3284 ex
174 3210 378 3284 dedicatione
404 3209 443 3280 ad
463 3209 645 3281 Jobaunem
664 3206 761 3280 Xllll.
788 3220 947 3305 excerpta,
974 3234 1054 3306 quac
1083 3211 1121 3282 ad
1140 3211 1228 3282 Dau-

108 3349 174 3409 tem
203 3362 238 3409 se
265 3337 388 3408 referre
416 3336 621 3406 crediderim.

179 3507 315 3514 ---—-—---.

109 3606 174 3661 rins.
201 3605 249 3659 Ad
265 3604 319 3658 boc
336 3618 474 3658 sumamus
492 3601 674 3658 testimonium
693 3603 790 3657 summi
805 3598 946 3657 Pontificis
963 3602 1057 3670 ipsius,
1075 3601 1228 3657 scil.-lnno-

110 3697 193 3754 centii
204 3698 281 3765 (Cap.
289 3701 328 3752 13.
339 3697 373 3750 X.
386 3697 438 3762 Qui
446 3692 494 3751 lilii
504 3697 559 3750 siut
567 3695 643 3763 legit.
657 3691 688 3760 [l]
696 3700 713 3762 t,
719 3696 755 3751 de
763 3696 842 3764 Rege
849 3695 1014 3750 Francorum
1025 3696 1064 3750 sic
1073 3695 1226 3763 loquentis:

109 3791 189 3859 „Rex
215 3791 381 3846 Francorum
413 3790 580 3858 superiorem
606 3789 634 3842 iu
661 3788 859 3857 temporalibus
888 3788 996 3843 minime
1028 3789 1227 3856 recognosettr‘

110 3885 236 3949 Bidinus,
253 3884 325 3953 quia,
334 3883 394 3938 etsi
403 3899 457 3938 non
469 3883 651 3950 recognoscit,
668 3889 759 3938 tamen
769 3883 877 3952 dejure
890 3882 1012 3946 deberet,
1030 3881 1228 3951 respondemus

110 3994 161 4047 per
176 3977 402 4042 interemtionem,
420 3977 496 4045 quod
513 3992 568 4030 uon
586 3975 686 4032 debet“
703 3981 756 4031 etc.

196 4071 227 4136 ²⁶)
245 4070 286 4125 cf.
304 4071 339 4125 de
357 4086 391 4126 eo
408 4070 589 4125 Tmaroscnl
605 4064 664 4124 lje.
682 4071 707 4136 ξ.
725 4073 766 4123 27.
784 4084 811 4137 p.
831 4073 974 4124 145—147.
1037 4106 1041 4116 s

196 4165 225 4230 ¹⁷)
242 4163 349 4219 Utimur
366 4163 486 4219 editione
503 4179 573 4232 quae
591 4163 693 4230 prodiit
702 4161 848 4230 Augustae
866 4179 938 4217 anuo
952 4167 1022 4216 1473.
1041 4161 1135 4225 insol,
1163 4175 1228 4230 per·

110 4258 207 4313 mattis
224 4258 361 4313 erroribus
379 4257 583 4328 typothetarum
601 4255 732 4311 refertas¹
776 4292 779 4298 ·
1128 4264 1134 4274 ’
