<?xml version="1.0" encoding="UTF-8"?>
<!DOCTYPE html PUBLIC "-//W3C//DTD XHTML 1.0 Transitional//EN"
    "http://www.w3.org/TR/xhtml1/DTD/xhtml1-transitional.dtd">
<html xmlns="http://www.w3.org/1999/xhtml" xml:lang="en" lang="en">
 <head>
  <title>
</title>
<meta http-equiv="Content-Type" content="text/html;charset=utf-8" />
  <meta name='ocr-system' content='tesseract 3.04.00' />
  <meta name='ocr-capabilities' content='ocr_page ocr_carea ocr_par ocr_line ocrx_word'/>
</head>
<body>
  <div class='ocr_page' id='page_1' title='image "./dantisalligheri01wittgoog_0102.png"; bbox 0 0 2940 5040; ppageno 0'>
   <div class='ocr_carea' id='block_1_1' title="bbox 325 361 1174 451">
    <p class='ocr_par' dir='ltr' id='par_1_1' title="bbox 325 361 1174 451">
     <span class='ocr_line' id='line_1_1' title="bbox 325 361 1174 451; baseline 0.014 -17"><span class='ocrx_word' id='word_1_1' title='bbox 325 379 460 436; x_wconf 69' lang='lat' dir='ltr'>aruns</span> <span class='ocrx_word' id='word_1_2' title='bbox 477 380 697 437; x_wconf 76' lang='lat' dir='ltr'>muraneum</span> <span class='ocrx_word' id='word_1_3' title='bbox 712 383 735 438; x_wconf 90' lang='lat'>1.</span> <span class='ocrx_word' id='word_1_4' title='bbox 754 383 782 439; x_wconf 89' lang='lat' dir='ltr'>c.</span> <span class='ocrx_word' id='word_1_5' title='bbox 801 390 826 439; x_wconf 81' lang='lat' dir='ltr'>s.</span> <span class='ocrx_word' id='word_1_6' title='bbox 844 390 889 451; x_wconf 71' lang='grc' dir='ltr'><strong>(τ).</strong></span> <span class='ocrx_word' id='word_1_7' title='bbox 1139 361 1174 446; x_wconf 74' lang='grc'>11</span> 
     </span>
    </p>
   </div>
   <div class='ocr_carea' id='block_1_2' title="bbox 53 552 1241 3078">
    <p class='ocr_par' dir='ltr' id='par_1_2' title="bbox 53 552 1241 3078">
     <span class='ocr_line' id='line_1_2' title="bbox 54 552 1179 642; baseline 0.005 -24"><span class='ocrx_word' id='word_1_8' title='bbox 54 552 170 635; x_wconf 80' lang='lat' dir='ltr'>ralem,</span> <span class='ocrx_word' id='word_1_9' title='bbox 194 570 278 634; x_wconf 89' lang='lat' dir='ltr'>quae</span> <span class='ocrx_word' id='word_1_10' title='bbox 300 552 506 618; x_wconf 91' lang='lat' dir='ltr'>communiori</span> <span class='ocrx_word' id='word_1_11' title='bbox 528 553 685 620; x_wconf 90' lang='lat' dir='ltr'>vocabulo</span> <span class='ocrx_word' id='word_1_12' title='bbox 709 561 909 639; x_wconf 90' lang='lat' dir='ltr'>nuncupatur</span> <span class='ocrx_word' id='word_1_13' title='bbox 930 557 1118 642; x_wconf 87' lang='lat' dir='ltr'>Imperium,</span> <span class='ocrx_word' id='word_1_14' title='bbox 1146 567 1179 626; x_wconf 89' lang='lat' dir='ltr'>et</span> 
     </span>
     <span class='ocr_line' id='line_1_3' title="bbox 55 651 1176 743; baseline 0.004 -22"><span class='ocrx_word' id='word_1_15' title='bbox 55 655 93 722; x_wconf 90' lang='lat' dir='ltr'>de</span> <span class='ocrx_word' id='word_1_16' title='bbox 114 654 167 739; x_wconf 89' lang='lat' dir='ltr'>iis,</span> <span class='ocrx_word' id='word_1_17' title='bbox 189 660 225 720; x_wconf 92' lang='lat' dir='ltr'>ut</span> <span class='ocrx_word' id='word_1_18' title='bbox 245 651 443 737; x_wconf 88' lang='lat' dir='ltr'>praedictum</span> <span class='ocrx_word' id='word_1_19' title='bbox 465 659 521 737; x_wconf 87' lang='lat' dir='ltr'>est,</span> <span class='ocrx_word' id='word_1_20' title='bbox 544 655 741 739; x_wconf 88' lang='lat' dir='ltr'>propositum</span> <span class='ocrx_word' id='word_1_21' title='bbox 764 661 813 723; x_wconf 88' lang='lat' dir='ltr'>est</span> <span class='ocrx_word' id='word_1_22' title='bbox 834 659 893 723; x_wconf 89' lang='lat' dir='ltr'>sub</span> <span class='ocrx_word' id='word_1_23' title='bbox 908 657 1076 742; x_wconf 88' lang='lat' dir='ltr'>adsignato</span> <span class='ocrx_word' id='word_1_24' title='bbox 1091 660 1176 743; x_wconf 90' lang='lat' dir='ltr'>prin·</span> 
     </span>
     <span class='ocr_line' id='line_1_4' title="bbox 55 755 1209 840; baseline 0.006 -17"><span class='ocrx_word' id='word_1_25' title='bbox 55 756 137 840; x_wconf 91' lang='lat' dir='ltr'>cipio</span> <span class='ocrx_word' id='word_1_26' title='bbox 171 755 409 839; x_wconf 83' lang='lat' dir='ltr'>inquisitionem</span> <span class='ocrx_word' id='word_1_27' title='bbox 439 756 544 822; x_wconf 82' lang='lat' dir='ltr'>facere</span> <span class='ocrx_word' id='word_1_28' title='bbox 576 756 750 823; x_wconf 88' lang='lat' dir='ltr'>secundum</span> <span class='ocrx_word' id='word_1_29' title='bbox 782 759 846 824; x_wconf 90' lang='lat' dir='ltr'>iam</span> <span class='ocrx_word' id='word_1_30' title='bbox 875 764 994 825; x_wconf 90' lang='lat' dir='ltr'>tactum</span> <span class='ocrx_word' id='word_1_31' title='bbox 1023 761 1209 830; x_wconf 82' lang='lat' dir='ltr'>ordinems</span> 
     </span>
     <span class='ocr_line' id='line_1_5' title="bbox 54 856 1177 946; baseline 0.006 -21"><span class='ocrx_word' id='word_1_32' title='bbox 54 857 162 925; x_wconf 89' lang='lat' dir='ltr'>Prima</span> <span class='ocrx_word' id='word_1_33' title='bbox 183 857 293 939; x_wconf 87' lang='lat' dir='ltr'>itaque</span> <span class='ocrx_word' id='word_1_34' title='bbox 317 856 461 938; x_wconf 82' lang='lat' dir='ltr'>quaestio</span> <span class='ocrx_word' id='word_1_35' title='bbox 484 856 539 922; x_wconf 89' lang='lat' dir='ltr'>sit:</span> <span class='ocrx_word' id='word_1_36' title='bbox 568 857 681 923; x_wconf 86' lang='lat' dir='ltr'>Utrum</span> <span class='ocrx_word' id='word_1_37' title='bbox 703 858 746 924; x_wconf 92' lang='lat' dir='ltr'>ad</span> <span class='ocrx_word' id='word_1_38' title='bbox 770 861 850 927; x_wconf 90' lang='lat' dir='ltr'>bene</span> <span class='ocrx_word' id='word_1_39' title='bbox 872 880 942 927; x_wconf 87' lang='lat' dir='ltr'>esse</span> <span class='ocrx_word' id='word_1_40' title='bbox 965 863 1083 946; x_wconf 88' lang='lat' dir='ltr'>mundi,</span> <span class='ocrx_word' id='word_1_41' title='bbox 1110 866 1177 932; x_wconf 88' lang='lat' dir='ltr'>Mo·</span> 
     </span>
     <span class='ocr_line' id='line_1_6' title="bbox 53 959 1241 1044; baseline 0.006 -19"><span class='ocrx_word' id='word_1_42' title='bbox 53 959 185 1026; x_wconf 87' lang='lat' dir='ltr'>narchia</span> <span class='ocrx_word' id='word_1_43' title='bbox 213 959 399 1044; x_wconf 92' lang='lat' dir='ltr'>temporalis</span> <span class='ocrx_word' id='word_1_44' title='bbox 428 959 608 1026; x_wconf 89' lang='lat' dir='ltr'>necessaria</span> <span class='ocrx_word' id='word_1_45' title='bbox 636 959 686 1026; x_wconf 92' lang='lat' dir='ltr'>sit.</span> <span class='ocrx_word' id='word_1_46' title='bbox 737 960 807 1028; x_wconf 93' lang='lat' dir='ltr'>Hoc</span> <span class='ocrx_word' id='word_1_47' title='bbox 834 961 998 1044; x_wconf 84' lang='lat' dir='ltr'>equidem,</span> <span class='ocrx_word' id='word_1_48' title='bbox 1028 965 1118 1030; x_wconf 91' lang='lat' dir='ltr'>nulla</span> <span class='ocrx_word' id='word_1_49' title='bbox 1146 967 1179 1032; x_wconf 84' lang='lat' dir='ltr'>vi</span> <span class='ocrx_word' id='word_1_50' title='bbox 1239 989 1241 994; x_wconf 93' lang='lat'>·</span> 
     </span>
     <span class='ocr_line' id='line_1_7' title="bbox 54 1059 1178 1149; baseline 0.005 -22"><span class='ocrx_word' id='word_1_51' title='bbox 54 1061 186 1128; x_wconf 89' lang='lat' dir='ltr'>rationis</span> <span class='ocrx_word' id='word_1_52' title='bbox 208 1062 262 1128; x_wconf 87' lang='lat' dir='ltr'>vel</span> <span class='ocrx_word' id='word_1_53' title='bbox 284 1059 481 1126; x_wconf 80' lang='lat' dir='ltr'>auctoritatis</span> <span class='ocrx_word' id='word_1_54' title='bbox 503 1061 667 1144; x_wconf 89' lang='lat' dir='ltr'>obstante,</span> <span class='ocrx_word' id='word_1_55' title='bbox 696 1063 871 1147; x_wconf 89' lang='lat' dir='ltr'>potissimis</span> <span class='ocrx_word' id='word_1_56' title='bbox 896 1069 929 1130; x_wconf 89' lang='lat' dir='ltr'>et</span> <span class='ocrx_word' id='word_1_57' title='bbox 949 1066 1178 1149; x_wconf 88' lang='lat' dir='ltr'>patentissimis</span> 
     </span>
     <span class='ocr_line' id='line_1_8' title="bbox 54 1160 1179 1247; baseline 0.005 -19"><span class='ocrx_word' id='word_1_58' title='bbox 54 1162 250 1247; x_wconf 80' lang='lat' dir='ltr'>argumentis</span> <span class='ocrx_word' id='word_1_59' title='bbox 279 1160 404 1228; x_wconf 88' lang='lat' dir='ltr'>ostendi</span> <span class='ocrx_word' id='word_1_60' title='bbox 434 1167 554 1246; x_wconf 81' lang='lat' dir='ltr'>potest3</span> <span class='ocrx_word' id='word_1_61' title='bbox 589 1182 722 1245; x_wconf 91' lang='lat' dir='ltr'>quorum</span> <span class='ocrx_word' id='word_1_62' title='bbox 753 1164 891 1247; x_wconf 92' lang='lat' dir='ltr'>primum</span> <span class='ocrx_word' id='word_1_63' title='bbox 919 1167 960 1231; x_wconf 91' lang='lat' dir='ltr'>ab</span> <span class='ocrx_word' id='word_1_64' title='bbox 989 1167 1179 1235; x_wconf 90' lang='lat' dir='ltr'>auctoritate</span> 
     </span>
     <span class='ocr_line' id='line_1_9' title="bbox 54 1263 1228 1347; baseline 0.004 -16"><span class='ocrx_word' id='word_1_65' title='bbox 54 1263 246 1347; x_wconf 90' lang='lat' dir='ltr'>Philosophi</span> <span class='ocrx_word' id='word_1_66' title='bbox 273 1263 459 1329; x_wconf 90' lang='lat' dir='ltr'>adsumatur</span> <span class='ocrx_word' id='word_1_67' title='bbox 489 1263 529 1328; x_wconf 92' lang='lat' dir='ltr'>de</span> <span class='ocrx_word' id='word_1_68' title='bbox 563 1264 629 1329; x_wconf 85' lang='lat' dir='ltr'>suis</span> <span class='ocrx_word' id='word_1_69' title='bbox 657 1264 810 1333; x_wconf 89' lang='lat' dir='ltr'>Politicis.</span> <span class='ocrx_word' id='word_1_70' title='bbox 861 1267 991 1334; x_wconf 88' lang='lat' dir='ltr'>Adserit</span> <span class='ocrx_word' id='word_1_71' title='bbox 1020 1269 1104 1334; x_wconf 90' lang='lat' dir='ltr'>enim</span> <span class='ocrx_word' id='word_1_72' title='bbox 1132 1269 1178 1334; x_wconf 90' lang='lat' dir='ltr'>ibi</span> <span class='ocrx_word' id='word_1_73' title='bbox 1199 1287 1228 1336; x_wconf 78' lang='lat' dir='ltr'>ro</span> 
     </span>
     <span class='ocr_line' id='line_1_10' title="bbox 54 1364 1177 1455; baseline 0.004 -23"><span class='ocrx_word' id='word_1_74' title='bbox 54 1364 250 1433; x_wconf 88' lang='lat' dir='ltr'>venerabilis</span> <span class='ocrx_word' id='word_1_75' title='bbox 273 1364 342 1430; x_wconf 91' lang='lat' dir='ltr'>eius</span> <span class='ocrx_word' id='word_1_76' title='bbox 364 1365 550 1449; x_wconf 90' lang='lat' dir='ltr'>auctoritas,</span> <span class='ocrx_word' id='word_1_77' title='bbox 580 1365 667 1448; x_wconf 94' lang='lat' dir='ltr'>quod</span> <span class='ocrx_word' id='word_1_78' title='bbox 695 1366 823 1448; x_wconf 89' lang='lat' dir='ltr'>quando</span> <span class='ocrx_word' id='word_1_79' title='bbox 850 1368 960 1450; x_wconf 91' lang='lat' dir='ltr'>aliqua</span> <span class='ocrx_word' id='word_1_80' title='bbox 980 1369 1074 1455; x_wconf 89' lang='lat' dir='ltr'>plura</span> <span class='ocrx_word' id='word_1_81' title='bbox 1094 1369 1177 1436; x_wconf 90' lang='lat' dir='ltr'>crdi-</span> 
     </span>
     <span class='ocr_line' id='line_1_11' title="bbox 54 1467 1177 1555; baseline 0.004 -20"><span class='ocrx_word' id='word_1_82' title='bbox 54 1473 170 1535; x_wconf 91' lang='lat' dir='ltr'>nantur</span> <span class='ocrx_word' id='word_1_83' title='bbox 192 1467 368 1549; x_wconf 80' lang='lat' dir='ltr'>adunam,</span> <span class='ocrx_word' id='word_1_84' title='bbox 398 1472 523 1549; x_wconf 84' lang='lat' dir='ltr'>oportet</span> <span class='ocrx_word' id='word_1_85' title='bbox 550 1487 647 1533; x_wconf 93' lang='lat' dir='ltr'>unum</span> <span class='ocrx_word' id='word_1_86' title='bbox 677 1488 786 1534; x_wconf 92' lang='lat' dir='ltr'>eorum</span> <span class='ocrx_word' id='word_1_87' title='bbox 807 1471 955 1551; x_wconf 82' lang='lat' dir='ltr'>regulare</span> <span class='ocrx_word' id='word_1_88' title='bbox 978 1490 1035 1537; x_wconf 92' lang='lat' dir='ltr'>seu</span> <span class='ocrx_word' id='word_1_89' title='bbox 1057 1490 1177 1555; x_wconf 88' lang='lat' dir='ltr'>regere,</span> 
     </span>
     <span class='ocr_line' id='line_1_12' title="bbox 55 1567 1178 1655; baseline 0.004 -21"><span class='ocrx_word' id='word_1_90' title='bbox 55 1569 118 1634; x_wconf 91' lang='lat' dir='ltr'>alia</span> <span class='ocrx_word' id='word_1_91' title='bbox 141 1589 219 1635; x_wconf 83' lang='lat' dir='ltr'>vero</span> <span class='ocrx_word' id='word_1_92' title='bbox 241 1567 381 1649; x_wconf 89' lang='lat' dir='ltr'>regulari</span> <span class='ocrx_word' id='word_1_93' title='bbox 402 1587 459 1634; x_wconf 88' lang='lat' dir='ltr'>seu</span> <span class='ocrx_word' id='word_1_94' title='bbox 487 1570 564 1653; x_wconf 89' lang='lat' dir='ltr'>regi.</span> <span class='ocrx_word' id='word_1_95' title='bbox 609 1569 703 1650; x_wconf 81' lang='lat' dir='ltr'>Quod</span> <span class='ocrx_word' id='word_1_96' title='bbox 732 1571 861 1652; x_wconf 92' lang='lat' dir='ltr'>quidem</span> <span class='ocrx_word' id='word_1_97' title='bbox 889 1593 952 1638; x_wconf 90' lang='lat' dir='ltr'>non</span> <span class='ocrx_word' id='word_1_98' title='bbox 980 1574 1083 1639; x_wconf 91' lang='lat' dir='ltr'>solum</span> <span class='ocrx_word' id='word_1_99' title='bbox 1110 1575 1178 1655; x_wconf 91' lang='lat' dir='ltr'>glo·</span> 
     </span>
     <span class='ocr_line' id='line_1_13' title="bbox 55 1670 1178 1758; baseline 0.004 -21"><span class='ocrx_word' id='word_1_100' title='bbox 55 1671 174 1737; x_wconf 89' lang='lat' dir='ltr'>ricsum</span> <span class='ocrx_word' id='word_1_101' title='bbox 201 1690 318 1736; x_wconf 89' lang='lat' dir='ltr'>nomen</span> <span class='ocrx_word' id='word_1_102' title='bbox 345 1670 485 1737; x_wconf 88' lang='lat' dir='ltr'>auctoris</span> <span class='ocrx_word' id='word_1_103' title='bbox 513 1671 589 1738; x_wconf 84' lang='lat' dir='ltr'>facit</span> <span class='ocrx_word' id='word_1_104' title='bbox 617 1691 688 1739; x_wconf 87' lang='lat' dir='ltr'>esse</span> <span class='ocrx_word' id='word_1_105' title='bbox 711 1671 921 1758; x_wconf 87' lang='lat' dir='ltr'>credendum,</span> <span class='ocrx_word' id='word_1_106' title='bbox 947 1674 1006 1741; x_wconf 86' lang='lat' dir='ltr'>sed</span> <span class='ocrx_word' id='word_1_107' title='bbox 1028 1675 1109 1742; x_wconf 88' lang='lat' dir='ltr'>ratio</span> <span class='ocrx_word' id='word_1_108' title='bbox 1132 1676 1178 1741; x_wconf 89' lang='lat' dir='ltr'>in·</span> 
     </span>
     <span class='ocr_line' id='line_1_14' title="bbox 56 1772 1228 1845; baseline 0.006 -7"><span class='ocrx_word' id='word_1_109' title='bbox 56 1772 195 1838; x_wconf 83' lang='lat' dir='ltr'>ductiva.</span> <span class='ocrx_word' id='word_1_110' title='bbox 1201 1797 1228 1845; x_wconf 82' lang='lat'>15</span> 
     </span>
     <span class='ocr_line' id='line_1_15' title="bbox 141 1871 1176 1958; baseline 0.004 -20"><span class='ocrx_word' id='word_1_111' title='bbox 141 1871 177 1938; x_wconf 86' lang='lat' dir='ltr'>Si</span> <span class='ocrx_word' id='word_1_112' title='bbox 199 1873 284 1940; x_wconf 89' lang='lat' dir='ltr'>enim</span> <span class='ocrx_word' id='word_1_113' title='bbox 307 1872 543 1940; x_wconf 87' lang='lat' dir='ltr'>consideremus</span> <span class='ocrx_word' id='word_1_114' title='bbox 566 1892 662 1939; x_wconf 93' lang='lat' dir='ltr'>unum</span> <span class='ocrx_word' id='word_1_115' title='bbox 685 1873 860 1958; x_wconf 86' lang='lat' dir='ltr'>hominem,</span> <span class='ocrx_word' id='word_1_116' title='bbox 890 1877 951 1942; x_wconf 90' lang='lat' dir='ltr'>hoc</span> <span class='ocrx_word' id='word_1_117' title='bbox 978 1876 1012 1940; x_wconf 92' lang='lat' dir='ltr'>in</span> <span class='ocrx_word' id='word_1_118' title='bbox 1041 1898 1079 1945; x_wconf 93' lang='lat' dir='ltr'>eo</span> <span class='ocrx_word' id='word_1_119' title='bbox 1105 1898 1176 1943; x_wconf 92' lang='lat' dir='ltr'>con·</span> 
     </span>
     <span class='ocr_line' id='line_1_16' title="bbox 55 1974 1179 2058; baseline 0.002 -16"><span class='ocrx_word' id='word_1_120' title='bbox 55 1976 177 2058; x_wconf 86' lang='lat' dir='ltr'>tingere</span> <span class='ocrx_word' id='word_1_121' title='bbox 200 1974 395 2058; x_wconf 80' lang='lat' dir='ltr'>videbimus3</span> <span class='ocrx_word' id='word_1_122' title='bbox 425 1976 516 2058; x_wconf 82' lang='lat' dir='ltr'>quia,</span> <span class='ocrx_word' id='word_1_123' title='bbox 541 1995 637 2056; x_wconf 93' lang='lat' dir='ltr'>quum</span> <span class='ocrx_word' id='word_1_124' title='bbox 660 1995 769 2043; x_wconf 88' lang='lat' dir='ltr'>omnes</span> <span class='ocrx_word' id='word_1_125' title='bbox 792 1977 878 2042; x_wconf 86' lang='lat' dir='ltr'>vires</span> <span class='ocrx_word' id='word_1_126' title='bbox 902 1977 971 2044; x_wconf 89' lang='lat' dir='ltr'>eius</span> <span class='ocrx_word' id='word_1_127' title='bbox 994 1978 1179 2045; x_wconf 87' lang='lat' dir='ltr'>ordinentur</span> 
     </span>
     <span class='ocr_line' id='line_1_17' title="bbox 54 2075 1178 2161; baseline 0.003 -19"><span class='ocrx_word' id='word_1_128' title='bbox 54 2077 95 2143; x_wconf 85' lang='lat' dir='ltr'>ad</span> <span class='ocrx_word' id='word_1_129' title='bbox 116 2076 315 2159; x_wconf 75' lang='lat' dir='ltr'>felicitatem,</span> <span class='ocrx_word' id='word_1_130' title='bbox 338 2075 387 2142; x_wconf 89' lang='lat' dir='ltr'>vis</span> <span class='ocrx_word' id='word_1_131' title='bbox 408 2075 480 2161; x_wconf 91' lang='lat' dir='ltr'>ipsa</span> <span class='ocrx_word' id='word_1_132' title='bbox 501 2076 728 2144; x_wconf 88' lang='lat' dir='ltr'>intellectualis</span> <span class='ocrx_word' id='word_1_133' title='bbox 751 2082 799 2144; x_wconf 88' lang='lat' dir='ltr'>est</span> <span class='ocrx_word' id='word_1_134' title='bbox 820 2078 995 2158; x_wconf 88' lang='lat' dir='ltr'>regulatrix</span> <span class='ocrx_word' id='word_1_135' title='bbox 1015 2087 1046 2147; x_wconf 92' lang='lat' dir='ltr'>et</span> <span class='ocrx_word' id='word_1_136' title='bbox 1061 2080 1178 2147; x_wconf 84' lang='lat' dir='ltr'>rectrix</span> 
     </span>
     <span class='ocr_line' id='line_1_18' title="bbox 55 2177 1177 2264; baseline 0.003 -19"><span class='ocrx_word' id='word_1_137' title='bbox 55 2178 197 2245; x_wconf 91' lang='lat' dir='ltr'>omnium</span> <span class='ocrx_word' id='word_1_138' title='bbox 218 2177 368 2262; x_wconf 88' lang='lat' dir='ltr'>aliarum,</span> <span class='ocrx_word' id='word_1_139' title='bbox 391 2178 485 2245; x_wconf 88' lang='lat' dir='ltr'>aliter</span> <span class='ocrx_word' id='word_1_140' title='bbox 506 2178 550 2243; x_wconf 90' lang='lat' dir='ltr'>ad</span> <span class='ocrx_word' id='word_1_141' title='bbox 570 2177 755 2244; x_wconf 81' lang='lat' dir='ltr'>felicitatem</span> <span class='ocrx_word' id='word_1_142' title='bbox 777 2179 945 2264; x_wconf 88' lang='lat' dir='ltr'>pervenire</span> <span class='ocrx_word' id='word_1_143' title='bbox 971 2202 1034 2246; x_wconf 90' lang='lat' dir='ltr'>non</span> <span class='ocrx_word' id='word_1_144' title='bbox 1061 2186 1177 2264; x_wconf 91' lang='lat' dir='ltr'>potest.</span> 
     </span>
     <span class='ocr_line' id='line_1_19' title="bbox 56 2279 1227 2364; baseline 0.007 -18"><span class='ocrx_word' id='word_1_145' title='bbox 56 2280 90 2347; x_wconf 88' lang='lat' dir='ltr'>si</span> <span class='ocrx_word' id='word_1_146' title='bbox 112 2279 351 2346; x_wconf 89' lang='lat' dir='ltr'>consideremus</span> <span class='ocrx_word' id='word_1_147' title='bbox 374 2299 470 2345; x_wconf 90' lang='lat' dir='ltr'>unam</span> <span class='ocrx_word' id='word_1_148' title='bbox 492 2279 629 2362; x_wconf 87' lang='lat' dir='ltr'>domum,</span> <span class='ocrx_word' id='word_1_149' title='bbox 653 2279 742 2345; x_wconf 86' lang='lat' dir='ltr'>cuius</span> <span class='ocrx_word' id='word_1_150' title='bbox 760 2279 830 2345; x_wconf 86' lang='lat' dir='ltr'>finis</span> <span class='ocrx_word' id='word_1_151' title='bbox 846 2287 903 2364; x_wconf 88' lang='lat' dir='ltr'>est,</span> <span class='ocrx_word' id='word_1_152' title='bbox 927 2281 1118 2349; x_wconf 86' lang='lat' dir='ltr'>domesticos</span> <span class='ocrx_word' id='word_1_153' title='bbox 1134 2282 1177 2348; x_wconf 92' lang='lat' dir='ltr'>ad</span> <span class='ocrx_word' id='word_1_154' title='bbox 1195 2305 1227 2355; x_wconf 82' lang='lat' dir='ltr'>ao</span> 
     </span>
     <span class='ocr_line' id='line_1_20' title="bbox 55 2381 1179 2466; baseline -0.002 -16"><span class='ocrx_word' id='word_1_155' title='bbox 55 2383 136 2450; x_wconf 88' lang='lat' dir='ltr'>benc</span> <span class='ocrx_word' id='word_1_156' title='bbox 159 2381 270 2448; x_wconf 88' lang='lat' dir='ltr'>vivere</span> <span class='ocrx_word' id='word_1_157' title='bbox 291 2401 498 2466; x_wconf 86' lang='lat' dir='ltr'>praeparare,</span> <span class='ocrx_word' id='word_1_158' title='bbox 527 2402 622 2447; x_wconf 92' lang='lat' dir='ltr'>unum</span> <span class='ocrx_word' id='word_1_159' title='bbox 652 2383 777 2465; x_wconf 89' lang='lat' dir='ltr'>oportet</span> <span class='ocrx_word' id='word_1_160' title='bbox 805 2402 876 2449; x_wconf 87' lang='lat' dir='ltr'>esse</span> <span class='ocrx_word' id='word_1_161' title='bbox 907 2383 960 2464; x_wconf 93' lang='lat' dir='ltr'>qui</span> <span class='ocrx_word' id='word_1_162' title='bbox 988 2385 1113 2464; x_wconf 83' lang='lat' dir='ltr'>regulet</span> <span class='ocrx_word' id='word_1_163' title='bbox 1147 2392 1179 2451; x_wconf 90' lang='lat' dir='ltr'>et</span> 
     </span>
     <span class='ocr_line' id='line_1_21' title="bbox 55 2481 1177 2569; baseline 0.002 -21"><span class='ocrx_word' id='word_1_164' title='bbox 55 2489 155 2567; x_wconf 86' lang='lat' dir='ltr'>regat,</span> <span class='ocrx_word' id='word_1_165' title='bbox 179 2502 274 2566; x_wconf 89' lang='lat' dir='ltr'>quem</span> <span class='ocrx_word' id='word_1_166' title='bbox 296 2481 405 2547; x_wconf 89' lang='lat' dir='ltr'>dicunt</span> <span class='ocrx_word' id='word_1_167' title='bbox 425 2482 697 2566; x_wconf 83' lang='lat' dir='ltr'>patremfamilias,</span> <span class='ocrx_word' id='word_1_168' title='bbox 722 2485 774 2563; x_wconf 86' lang='lat' dir='ltr'>vel</span> <span class='ocrx_word' id='word_1_169' title='bbox 797 2484 865 2549; x_wconf 90' lang='lat' dir='ltr'>eius</span> <span class='ocrx_word' id='word_1_170' title='bbox 887 2484 992 2551; x_wconf 92' lang='lat' dir='ltr'>locum</span> <span class='ocrx_word' id='word_1_171' title='bbox 1007 2489 1177 2569; x_wconf 87' lang='lat' dir='ltr'>tenentem,</span> 
     </span>
     <span class='ocr_line' id='line_1_22' title="bbox 56 2582 1178 2669; baseline 0.005 -21"><span class='ocrx_word' id='word_1_172' title='bbox 56 2584 145 2649; x_wconf 85' lang='lat' dir='ltr'>iuxta</span> <span class='ocrx_word' id='word_1_173' title='bbox 167 2582 326 2650; x_wconf 89' lang='lat' dir='ltr'>dicentem</span> <span class='ocrx_word' id='word_1_174' title='bbox 341 2584 586 2669; x_wconf 89' lang='lat' dir='ltr'>Philosophum:</span> <span class='ocrx_word' id='word_1_175' title='bbox 608 2584 740 2668; x_wconf 83' lang='lat' dir='ltr'>„Omnis</span> <span class='ocrx_word' id='word_1_176' title='bbox 762 2584 874 2651; x_wconf 93' lang='lat' dir='ltr'>domus</span> <span class='ocrx_word' id='word_1_177' title='bbox 897 2587 1017 2669; x_wconf 89' lang='lat' dir='ltr'>regitur</span> <span class='ocrx_word' id='word_1_178' title='bbox 1038 2607 1058 2651; x_wconf 91' lang='lat' dir='ltr'>a</span> <span class='ocrx_word' id='word_1_179' title='bbox 1080 2587 1178 2654; x_wconf 87' lang='lat' dir='ltr'>senis·</span> 
     </span>
     <span class='ocr_line' id='line_1_23' title="bbox 56 2684 1179 2772; baseline 0.004 -20"><span class='ocrx_word' id='word_1_180' title='bbox 56 2684 168 2754; x_wconf 86' lang='lat' dir='ltr'>simo.“</span> <span class='ocrx_word' id='word_1_181' title='bbox 197 2685 239 2751; x_wconf 83' lang='lat' dir='ltr'>Et</span> <span class='ocrx_word' id='word_1_182' title='bbox 253 2684 355 2768; x_wconf 86' lang='lat' dir='ltr'>huius,</span> <span class='ocrx_word' id='word_1_183' title='bbox 379 2691 414 2749; x_wconf 95' lang='lat' dir='ltr'>ut</span> <span class='ocrx_word' id='word_1_184' title='bbox 428 2686 474 2750; x_wconf 87' lang='lat' dir='ltr'>ait</span> <span class='ocrx_word' id='word_1_185' title='bbox 488 2685 653 2770; x_wconf 87' lang='lat' dir='ltr'>Homerus,</span> <span class='ocrx_word' id='word_1_186' title='bbox 677 2693 725 2753; x_wconf 92' lang='lat' dir='ltr'>est</span> <span class='ocrx_word' id='word_1_187' title='bbox 739 2688 885 2769; x_wconf 88' lang='lat' dir='ltr'>regulare</span> <span class='ocrx_word' id='word_1_188' title='bbox 902 2708 1020 2772; x_wconf 83' lang='lat' dir='ltr'>omnes,</span> <span class='ocrx_word' id='word_1_189' title='bbox 1044 2696 1075 2755; x_wconf 89' lang='lat' dir='ltr'>et</span> <span class='ocrx_word' id='word_1_190' title='bbox 1090 2690 1179 2770; x_wconf 86' lang='lat' dir='ltr'>leges</span> 
     </span>
     <span class='ocr_line' id='line_1_24' title="bbox 56 2786 1228 2873; baseline 0.003 -21"><span class='ocrx_word' id='word_1_191' title='bbox 56 2787 221 2872; x_wconf 89' lang='lat' dir='ltr'>imponere</span> <span class='ocrx_word' id='word_1_192' title='bbox 235 2786 317 2853; x_wconf 88' lang='lat' dir='ltr'>aliis.</span> <span class='ocrx_word' id='word_1_193' title='bbox 347 2787 482 2872; x_wconf 85' lang='lat' dir='ltr'>Propter</span> <span class='ocrx_word' id='word_1_194' title='bbox 497 2786 583 2869; x_wconf 94' lang='lat' dir='ltr'>quod</span> <span class='ocrx_word' id='word_1_195' title='bbox 598 2788 843 2873; x_wconf 87' lang='lat' dir='ltr'>proverbialiter</span> <span class='ocrx_word' id='word_1_196' title='bbox 865 2789 979 2855; x_wconf 92' lang='lat' dir='ltr'>dicitur</span> <span class='ocrx_word' id='word_1_197' title='bbox 1000 2790 1058 2854; x_wconf 90' lang='lat' dir='ltr'>illa</span> <span class='ocrx_word' id='word_1_198' title='bbox 1079 2791 1177 2857; x_wconf 92' lang='lat' dir='ltr'>male·</span> <span class='ocrx_word' id='word_1_199' title='bbox 1197 2818 1228 2867; x_wconf 82' lang='lat'>25</span> 
     </span>
     <span class='ocr_line' id='line_1_25' title="bbox 57 2887 1179 2972; baseline 0.002 -18"><span class='ocrx_word' id='word_1_200' title='bbox 57 2887 167 2955; x_wconf 89' lang='lat' dir='ltr'>dictio:</span> <span class='ocrx_word' id='word_1_201' title='bbox 196 2890 331 2972; x_wconf 86' lang='lat' dir='ltr'>„Parem</span> <span class='ocrx_word' id='word_1_202' title='bbox 359 2888 481 2956; x_wconf 86' lang='lat' dir='ltr'>habeas</span> <span class='ocrx_word' id='word_1_203' title='bbox 511 2889 544 2953; x_wconf 92' lang='lat' dir='ltr'>in</span> <span class='ocrx_word' id='word_1_204' title='bbox 573 2887 699 2956; x_wconf 85' lang='lat' dir='ltr'>domo.“</span> <span class='ocrx_word' id='word_1_205' title='bbox 746 2888 781 2955; x_wconf 85' lang='lat' dir='ltr'>Si</span> <span class='ocrx_word' id='word_1_206' title='bbox 810 2891 1043 2959; x_wconf 88' lang='lat' dir='ltr'>consideremus</span> <span class='ocrx_word' id='word_1_207' title='bbox 1072 2893 1179 2957; x_wconf 79' lang='lat' dir='ltr'>vicum</span> 
     </span>
     <span class='ocr_line' id='line_1_26' title="bbox 58 2989 1180 3078; baseline 0.002 -22"><span class='ocrx_word' id='word_1_208' title='bbox 58 3009 161 3074; x_wconf 90' lang='lat' dir='ltr'>unum,</span> <span class='ocrx_word' id='word_1_209' title='bbox 185 2990 273 3056; x_wconf 89' lang='lat' dir='ltr'>cuius</span> <span class='ocrx_word' id='word_1_210' title='bbox 294 2989 367 3056; x_wconf 86' lang='lat' dir='ltr'>finis</span> <span class='ocrx_word' id='word_1_211' title='bbox 389 2995 438 3058; x_wconf 89' lang='lat' dir='ltr'>est</span> <span class='ocrx_word' id='word_1_212' title='bbox 460 2991 626 3058; x_wconf 89' lang='lat' dir='ltr'>commoda</span> <span class='ocrx_word' id='word_1_213' title='bbox 648 2996 714 3057; x_wconf 88' lang='lat' dir='ltr'>tam</span> <span class='ocrx_word' id='word_1_214' title='bbox 735 3012 941 3078; x_wconf 87' lang='lat' dir='ltr'>personarum</span> <span class='ocrx_word' id='word_1_215' title='bbox 964 3013 1060 3075; x_wconf 93' lang='lat' dir='ltr'>quam</span> <span class='ocrx_word' id='word_1_216' title='bbox 1074 3013 1180 3062; x_wconf 90' lang='lat' dir='ltr'>rerum</span> 
     </span>
    </p>
   </div>
   <div class='ocr_carea' id='block_1_3' title="bbox 83 3192 1125 3943">
    <p class='ocr_par' dir='ltr' id='par_1_3' title="bbox 89 3192 995 3249">
     <span class='ocr_line' id='line_1_27' title="bbox 89 3192 995 3249; baseline 0.003 -3"><span class='ocrx_word' id='word_1_217' title='bbox 89 3193 100 3226; x_wconf 85' lang='lat'>³</span> <span class='ocrx_word' id='word_1_218' title='bbox 117 3192 149 3246; x_wconf 94' lang='lat' dir='ltr'>P.</span> <span class='ocrx_word' id='word_1_219' title='bbox 168 3193 306 3247; x_wconf 78' lang='lat' dir='ltr'>communi</span> <span class='ocrx_word' id='word_1_220' title='bbox 321 3193 451 3248; x_wconf 80' lang='lat' dir='ltr'>vocabulo</span> <span class='ocrx_word' id='word_1_221' title='bbox 672 3194 691 3226; x_wconf 79' lang='lat'>¹¹</span> <span class='ocrx_word' id='word_1_222' title='bbox 710 3193 779 3248; x_wconf 88' lang='lat' dir='ltr'>Edd.</span> <span class='ocrx_word' id='word_1_223' title='bbox 797 3195 869 3248; x_wconf 83' lang='lat' dir='ltr'>ratio</span> <span class='ocrx_word' id='word_1_224' title='bbox 887 3195 995 3249; x_wconf 81' lang='lat' dir='ltr'>auctiva</span> 
     </span>
    </p>

    <p class='ocr_par' dir='ltr' id='par_1_4' title="bbox 89 3275 1125 3350">
     <span class='ocr_line' id='line_1_28' title="bbox 89 3275 1125 3350; baseline 0.002 -20"><span class='ocrx_word' id='word_1_225' title='bbox 89 3277 150 3331; x_wconf 62' lang='lat'>⁴1⁴¹.</span> <span class='ocrx_word' id='word_1_226' title='bbox 169 3275 262 3342; x_wconf 78' lang='lat' dir='ltr'>detis,</span> <span class='ocrx_word' id='word_1_227' title='bbox 275 3285 363 3347; x_wconf 78' lang='lat' dir='ltr'>prout</span> <span class='ocrx_word' id='word_1_228' title='bbox 379 3277 479 3333; x_wconf 82' lang='lat' dir='ltr'>dictum</span> <span class='ocrx_word' id='word_1_229' title='bbox 497 3282 537 3331; x_wconf 83' lang='lat' dir='ltr'>est</span> <span class='ocrx_word' id='word_1_230' title='bbox 670 3279 690 3311; x_wconf 81' lang='lat'>¹¹</span> <span class='ocrx_word' id='word_1_231' title='bbox 708 3278 777 3333; x_wconf 85' lang='lat' dir='ltr'>Edd.</span> <span class='ocrx_word' id='word_1_232' title='bbox 796 3280 867 3333; x_wconf 81' lang='lat' dir='ltr'>vires</span> <span class='ocrx_word' id='word_1_233' title='bbox 882 3281 944 3350; x_wconf 84' lang='lat' dir='ltr'>ejas</span> <span class='ocrx_word' id='word_1_234' title='bbox 960 3279 1125 3335; x_wconf 79' lang='lat' dir='ltr'>ordinaretur</span> 
     </span>
    </p>

    <p class='ocr_par' dir='ltr' id='par_1_5' title="bbox 90 3361 1087 3435">
     <span class='ocr_line' id='line_1_29' title="bbox 90 3361 1087 3435; baseline 0.003 -20"><span class='ocrx_word' id='word_1_235' title='bbox 90 3362 102 3394; x_wconf 79' lang='lat'><strong>¹</strong></span> <span class='ocrx_word' id='word_1_236' title='bbox 119 3361 153 3416; x_wconf 83' lang='lat' dir='ltr'>A.</span> <span class='ocrx_word' id='word_1_237' title='bbox 172 3392 206 3399; x_wconf 91' lang='lat'>—</span> <span class='ocrx_word' id='word_1_238' title='bbox 223 3361 332 3430; x_wconf 88' lang='lat' dir='ltr'>Reliqui</span> <span class='ocrx_word' id='word_1_239' title='bbox 349 3361 449 3433; x_wconf 83' lang='lat' dir='ltr'>Itaque</span> <span class='ocrx_word' id='word_1_240' title='bbox 460 3363 556 3435; x_wconf 80' lang='lat' dir='ltr'>prima</span> <span class='ocrx_word' id='word_1_241' title='bbox 667 3364 691 3396; x_wconf 79' lang='lat'>¹⁰</span> <span class='ocrx_word' id='word_1_242' title='bbox 707 3363 738 3416; x_wconf 91' lang='lat' dir='ltr'>F.</span> <span class='ocrx_word' id='word_1_243' title='bbox 758 3365 784 3418; x_wconf 85' lang='lat' dir='ltr'>sr&#39;</span> <span class='ocrx_word' id='word_1_244' title='bbox 799 3365 870 3418; x_wconf 82' lang='lat' dir='ltr'>enim</span> <span class='ocrx_word' id='word_1_245' title='bbox 888 3364 1087 3419; x_wconf 81' lang='lat' dir='ltr'>consideremus</span> 
     </span>
    </p>

    <p class='ocr_par' dir='ltr' id='par_1_6' title="bbox 140 3444 1074 3517">
     <span class='ocr_line' id='line_1_30' title="bbox 140 3444 1074 3517; baseline 0.001 -18"><span class='ocrx_word' id='word_1_246' title='bbox 140 3444 174 3499; x_wconf 88' lang='lat' dir='ltr'>V.</span> <span class='ocrx_word' id='word_1_247' title='bbox 193 3447 317 3517; x_wconf 80' lang='lat' dir='ltr'>quaestio</span> <span class='ocrx_word' id='word_1_248' title='bbox 332 3446 365 3515; x_wconf 82' lang='lat' dir='ltr'>fit</span> <span class='ocrx_word' id='word_1_249' title='bbox 668 3449 691 3481; x_wconf 80' lang='lat'>²¹</span> <span class='ocrx_word' id='word_1_250' title='bbox 708 3447 778 3503; x_wconf 89' lang='lat' dir='ltr'>Edd.</span> <span class='ocrx_word' id='word_1_251' title='bbox 797 3449 835 3503; x_wconf 84' lang='lat' dir='ltr'>ad</span> <span class='ocrx_word' id='word_1_252' title='bbox 851 3450 916 3505; x_wconf 80' lang='lat' dir='ltr'>deae</span> <span class='ocrx_word' id='word_1_253' title='bbox 933 3448 1074 3504; x_wconf 80' lang='lat' dir='ltr'>vivendum</span> 
     </span>
    </p>

    <p class='ocr_par' dir='ltr' id='par_1_7' title="bbox 90 3529 1104 3688">
     <span class='ocr_line' id='line_1_31' title="bbox 90 3529 1029 3605; baseline 0.004 -22"><span class='ocrx_word' id='word_1_254' title='bbox 90 3531 101 3563; x_wconf 84' lang='lat'>⁸</span> <span class='ocrx_word' id='word_1_255' title='bbox 118 3529 152 3583; x_wconf 88' lang='lat' dir='ltr'>F.</span> <span class='ocrx_word' id='word_1_256' title='bbox 171 3534 197 3584; x_wconf 89' lang='lat' dir='ltr'>et</span> <span class='ocrx_word' id='word_1_257' title='bbox 208 3531 369 3603; x_wconf 81' lang='lat' dir='ltr'>patentibus</span> <span class='ocrx_word' id='word_1_258' title='bbox 386 3549 446 3604; x_wconf 72' lang='lat' dir='ltr'>erp.</span> <span class='ocrx_word' id='word_1_259' title='bbox 464 3562 497 3570; x_wconf 99' lang='lat'>—</span> <span class='ocrx_word' id='word_1_260' title='bbox 515 3532 548 3586; x_wconf 92' lang='lat' dir='ltr'>V.</span> <span class='ocrx_word' id='word_1_261' title='bbox 566 3535 593 3586; x_wconf 87' lang='lat' dir='ltr'>et</span> <span class='ocrx_word' id='word_1_262' title='bbox 669 3533 693 3565; x_wconf 78' lang='lat'>¹²</span> <span class='ocrx_word' id='word_1_263' title='bbox 709 3532 779 3586; x_wconf 84' lang='lat' dir='ltr'>Edd.</span> <span class='ocrx_word' id='word_1_264' title='bbox 797 3534 924 3605; x_wconf 82' lang='lat' dir='ltr'>catejas</span> <span class='ocrx_word' id='word_1_265' title='bbox 942 3535 1029 3590; x_wconf 69' lang='lat' dir='ltr'>hrum</span> 
     </span>
     <span class='ocr_line' id='line_1_32' title="bbox 119 3615 1104 3688; baseline 0.004 -18"><span class='ocrx_word' id='word_1_266' title='bbox 119 3615 318 3685; x_wconf 81' lang='lat' dir='ltr'>potentissimis</span> <span class='ocrx_word' id='word_1_267' title='bbox 327 3633 387 3688; x_wconf 76' lang='lat' dir='ltr'>arq.</span> <span class='ocrx_word' id='word_1_268' title='bbox 667 3618 691 3651; x_wconf 82' lang='lat'>²³</span> <span class='ocrx_word' id='word_1_269' title='bbox 707 3618 738 3672; x_wconf 92' lang='lat' dir='ltr'>P.</span> <span class='ocrx_word' id='word_1_270' title='bbox 755 3618 788 3671; x_wconf 89' lang='lat' dir='ltr'>V.</span> <span class='ocrx_word' id='word_1_271' title='bbox 806 3619 912 3688; x_wconf 63' lang='lat' dir='ltr'>regitur</span> <span class='ocrx_word' id='word_1_272' title='bbox 930 3636 947 3673; x_wconf 84' lang='lat' dir='ltr'>a</span> <span class='ocrx_word' id='word_1_273' title='bbox 964 3620 1104 3674; x_wconf 75' lang='lat' dir='ltr'>senissimo</span> 
     </span>
    </p>

    <p class='ocr_par' dir='ltr' id='par_1_8' title="bbox 91 3698 1065 3774">
     <span class='ocr_line' id='line_1_33' title="bbox 91 3698 1065 3774; baseline 0.003 -21"><span class='ocrx_word' id='word_1_274' title='bbox 91 3715 102 3747; x_wconf 78' lang='lat' dir='ltr'>a</span> <span class='ocrx_word' id='word_1_275' title='bbox 120 3698 159 3753; x_wconf 89' lang='lat' dir='ltr'>M.</span> <span class='ocrx_word' id='word_1_276' title='bbox 177 3698 212 3754; x_wconf 83' lang='lat' dir='ltr'>eh</span> <span class='ocrx_word' id='word_1_277' title='bbox 229 3700 376 3754; x_wconf 78' lang='lat' dir='ltr'>Aristotele</span> <span class='ocrx_word' id='word_1_278' title='bbox 389 3700 557 3773; x_wconf 79' lang='lat' dir='ltr'>philosopho</span> <span class='ocrx_word' id='word_1_279' title='bbox 667 3704 690 3735; x_wconf 77' lang='lat'>2⁵</span> <span class='ocrx_word' id='word_1_280' title='bbox 707 3702 739 3755; x_wconf 86' lang='lat' dir='ltr'>F.</span> <span class='ocrx_word' id='word_1_281' title='bbox 753 3702 966 3774; x_wconf 78' lang='lat' dir='ltr'>proverbialiter</span> <span class='ocrx_word' id='word_1_282' title='bbox 982 3703 1065 3758; x_wconf 84' lang='lat' dir='ltr'>datur</span> 
     </span>
    </p>

    <p class='ocr_par' dir='ltr' id='par_1_9' title="bbox 83 3784 1093 3859">
     <span class='ocr_line' id='line_1_34' title="bbox 83 3784 1093 3859; baseline 0.005 -22"><span class='ocrx_word' id='word_1_283' title='bbox 83 3786 105 3818; x_wconf 93' lang='lat'>¹⁰</span> <span class='ocrx_word' id='word_1_284' title='bbox 122 3784 155 3838; x_wconf 85' lang='lat' dir='ltr'>F.</span> <span class='ocrx_word' id='word_1_285' title='bbox 174 3788 299 3838; x_wconf 82' lang='lat' dir='ltr'>sumatur</span> <span class='ocrx_word' id='word_1_286' title='bbox 316 3784 349 3839; x_wconf 85' lang='lat' dir='ltr'>de</span> <span class='ocrx_word' id='word_1_287' title='bbox 365 3787 424 3840; x_wconf 84' lang='lat' dir='ltr'>sm&#39;s</span> <span class='ocrx_word' id='word_1_288' title='bbox 441 3785 500 3842; x_wconf 87' lang='lat' dir='ltr'>Pol.</span> <span class='ocrx_word' id='word_1_289' title='bbox 666 3787 690 3819; x_wconf 81' lang='lat'>²⁶</span> <span class='ocrx_word' id='word_1_290' title='bbox 706 3787 740 3840; x_wconf 89' lang='lat' dir='ltr'>H.</span> <span class='ocrx_word' id='word_1_291' title='bbox 758 3786 921 3853; x_wconf 80' lang='lat' dir='ltr'>maledictio,</span> <span class='ocrx_word' id='word_1_292' title='bbox 940 3786 982 3841; x_wconf 86' lang='lat' dir='ltr'>Ne</span> <span class='ocrx_word' id='word_1_293' title='bbox 994 3804 1093 3859; x_wconf 83' lang='lat' dir='ltr'>parem</span> 
     </span>
    </p>

    <p class='ocr_par' dir='ltr' id='par_1_10' title="bbox 84 3869 464 3943">
     <span class='ocr_line' id='line_1_35' title="bbox 84 3869 464 3943; baseline 0.003 -19"><span class='ocrx_word' id='word_1_294' title='bbox 84 3871 104 3903; x_wconf 84' lang='lat'>¹³</span> <span class='ocrx_word' id='word_1_295' title='bbox 121 3869 159 3924; x_wconf 90' lang='grc' dir='ltr'>Μ.</span> <span class='ocrx_word' id='word_1_296' title='bbox 178 3869 322 3924; x_wconf 81' lang='lat' dir='ltr'>terminari</span> <span class='ocrx_word' id='word_1_297' title='bbox 336 3886 384 3925; x_wconf 83' lang='lat' dir='ltr'>seu</span> <span class='ocrx_word' id='word_1_298' title='bbox 401 3871 464 3943; x_wconf 76' lang='lat' dir='ltr'>reqi</span> 
     </span>
    </p>
   </div>
   <div class='ocr_carea' id='block_1_4' title="bbox 59 4037 1180 4381">
    <p class='ocr_par' dir='ltr' id='par_1_11' title="bbox 59 4037 1180 4381">
     <span class='ocr_line' id='line_1_36' title="bbox 75 4037 1179 4111; baseline 0.001 -15"><span class='ocrx_word' id='word_1_299' title='bbox 75 4095 79 4100; x_wconf 85' lang='grc'><em>,</em></span> <span class='ocrx_word' id='word_1_300' title='bbox 125 4038 167 4096; x_wconf 79' lang='lat' dir='ltr'>Ga</span> <span class='ocrx_word' id='word_1_301' title='bbox 189 4037 251 4095; x_wconf 55' lang='grc' dir='ltr'>Ν.</span> <span class='ocrx_word' id='word_1_302' title='bbox 290 4041 311 4072; x_wconf 92' lang='lat'>¹⁰</span> <span class='ocrx_word' id='word_1_303' title='bbox 328 4039 349 4093; x_wconf 95' lang='lat' dir='ltr'>I.</span> <span class='ocrx_word' id='word_1_304' title='bbox 367 4045 390 4093; x_wconf 84' lang='lat'>5.</span> <span class='ocrx_word' id='word_1_305' title='bbox 408 4039 466 4094; x_wconf 84' lang='lat' dir='ltr'>init.</span> <span class='ocrx_word' id='word_1_306' title='bbox 539 4040 560 4072; x_wconf 79' lang='lat'>¹³</span> <span class='ocrx_word' id='word_1_307' title='bbox 576 4039 715 4094; x_wconf 78' lang='lat' dir='ltr'>Ausucum</span> <span class='ocrx_word' id='word_1_308' title='bbox 732 4038 888 4094; x_wconf 78' lang='lat' dir='ltr'>Conuiuium</span> <span class='ocrx_word' id='word_1_309' title='bbox 905 4038 947 4094; x_wconf 85' lang='lat' dir='ltr'>IV.</span> <span class='ocrx_word' id='word_1_310' title='bbox 960 4045 983 4094; x_wconf 87' lang='grc'>4.</span> <span class='ocrx_word' id='word_1_311' title='bbox 1002 4041 1042 4105; x_wconf 75' lang='lat' dir='ltr'>„it</span> <span class='ocrx_word' id='word_1_312' title='bbox 1054 4039 1179 4111; x_wconf 80' lang='lat' dir='ltr'>Filosofo</span> 
     </span>
     <span class='ocr_line' id='line_1_37' title="bbox 59 4053 1179 4180; baseline 0.004 -20"><span class='ocrx_word' id='word_1_313' title='bbox 59 4107 130 4162; x_wconf 84' lang='lat' dir='ltr'>aella</span> <span class='ocrx_word' id='word_1_314' title='bbox 148 4053 266 4180; x_wconf 62' lang='lat' dir='ltr'>Pldlr&#39;tica</span> <span class='ocrx_word' id='word_1_315' title='bbox 283 4107 351 4172; x_wconf 83' lang='lat' dir='ltr'>dice,</span> <span class='ocrx_word' id='word_1_316' title='bbox 368 4106 417 4162; x_wconf 86' lang='lat' dir='ltr'>che</span> <span class='ocrx_word' id='word_1_317' title='bbox 434 4107 543 4178; x_wconf 82' lang='lat' dir='ltr'>quando</span> <span class='ocrx_word' id='word_1_318' title='bbox 557 4109 610 4178; x_wconf 72' lang='lat' dir='ltr'>pict</span> <span class='ocrx_word' id='word_1_319' title='bbox 628 4123 689 4162; x_wconf 87' lang='lat' dir='ltr'>cose</span> <span class='ocrx_word' id='word_1_320' title='bbox 706 4125 723 4162; x_wconf 82' lang='lat' dir='ltr'>a</span> <span class='ocrx_word' id='word_1_321' title='bbox 741 4124 795 4161; x_wconf 82' lang='lat' dir='ltr'>uno</span> <span class='ocrx_word' id='word_1_322' title='bbox 811 4108 868 4176; x_wconf 83' lang='lat' dir='ltr'>fiae</span> <span class='ocrx_word' id='word_1_323' title='bbox 884 4123 951 4162; x_wconf 82' lang='lat' dir='ltr'>sono</span> <span class='ocrx_word' id='word_1_324' title='bbox 969 4110 1102 4176; x_wconf 78' lang='lat' dir='ltr'>ordinate,</span> <span class='ocrx_word' id='word_1_325' title='bbox 1123 4127 1179 4165; x_wconf 80' lang='lat' dir='ltr'>aaa</span> 
     </span>
     <span class='ocr_line' id='line_1_38' title="bbox 60 4175 1180 4247; baseline 0.002 -17"><span class='ocrx_word' id='word_1_326' title='bbox 60 4175 89 4230; x_wconf 84' lang='lat' dir='ltr'>dr&#39;</span> <span class='ocrx_word' id='word_1_327' title='bbox 95 4175 186 4247; x_wconf 82' lang='lat' dir='ltr'>quelle</span> <span class='ocrx_word' id='word_1_328' title='bbox 203 4176 331 4230; x_wconf 81' lang='lat' dir='ltr'>conviene</span> <span class='ocrx_word' id='word_1_329' title='bbox 347 4190 435 4229; x_wconf 82' lang='lat' dir='ltr'>essere</span> <span class='ocrx_word' id='word_1_330' title='bbox 451 4175 601 4246; x_wconf 69' lang='lat' dir='ltr'>repetente,</span> <span class='ocrx_word' id='word_1_331' title='bbox 619 4191 716 4229; x_wconf 79' lang='lat' dir='ltr'>cavero</span> <span class='ocrx_word' id='word_1_332' title='bbox 733 4182 871 4246; x_wconf 72' lang='lat' dir='ltr'>reqpente,</span> <span class='ocrx_word' id='word_1_333' title='bbox 889 4181 980 4230; x_wconf 83' lang='lat' dir='ltr'>etutte</span> <span class='ocrx_word' id='word_1_334' title='bbox 992 4176 1096 4232; x_wconf 84' lang='lat' dir='ltr'>lecltre</span> <span class='ocrx_word' id='word_1_335' title='bbox 1111 4184 1180 4233; x_wconf 86' lang='lat' dir='ltr'>rette</span> 
     </span>
     <span class='ocr_line' id='line_1_39' title="bbox 60 4234 1178 4315; baseline 0.004 -19"><span class='ocrx_word' id='word_1_336' title='bbox 60 4242 240 4315; x_wconf 73' lang='lat' dir='ltr'>ereqolate.“</span> <span class='ocrx_word' id='word_1_337' title='bbox 319 4244 342 4276; x_wconf 88' lang='lat'>²³</span> <span class='ocrx_word' id='word_1_338' title='bbox 359 4243 550 4297; x_wconf 80' lang='lat' dir='ltr'>Amsroununs</span> <span class='ocrx_word' id='word_1_339' title='bbox 567 4243 648 4298; x_wconf 88' lang='lat' dir='ltr'>Polit.</span> <span class='ocrx_word' id='word_1_340' title='bbox 666 4245 687 4297; x_wconf 93' lang='grc' dir='ltr'>Ι.</span> <span class='ocrx_word' id='word_1_341' title='bbox 706 4248 731 4298; x_wconf 82' lang='lat'>2.</span> <span class='ocrx_word' id='word_1_342' title='bbox 749 4234 856 4299; x_wconf 74' lang='lat' dir='ltr'>Transl.</span> <span class='ocrx_word' id='word_1_343' title='bbox 874 4251 929 4299; x_wconf 88' lang='lat' dir='ltr'>ant.</span> <span class='ocrx_word' id='word_1_344' title='bbox 954 4245 1065 4311; x_wconf 86' lang='lat' dir='ltr'>„Omnis</span> <span class='ocrx_word' id='word_1_345' title='bbox 1083 4246 1178 4302; x_wconf 89' lang='lat' dir='ltr'>domus</span> 
     </span>
     <span class='ocr_line' id='line_1_40' title="bbox 59 4309 816 4381; baseline 0.004 -18"><span class='ocrx_word' id='word_1_346' title='bbox 59 4311 160 4379; x_wconf 85' lang='lat' dir='ltr'>regitur</span> <span class='ocrx_word' id='word_1_347' title='bbox 178 4326 196 4365; x_wconf 89' lang='lat' dir='ltr'>a</span> <span class='ocrx_word' id='word_1_348' title='bbox 213 4309 379 4364; x_wconf 85' lang='lat' dir='ltr'>senissimo.“</span> <span class='ocrx_word' id='word_1_349' title='bbox 466 4312 489 4344; x_wconf 79' lang='lat'>²¹</span> <span class='ocrx_word' id='word_1_350' title='bbox 507 4311 589 4381; x_wconf 86' lang='lat' dir='ltr'>Apud</span> <span class='ocrx_word' id='word_1_351' title='bbox 607 4312 737 4368; x_wconf 72' lang='lat' dir='ltr'>Apuanos.</span> <span class='ocrx_word' id='word_1_352' title='bbox 754 4313 773 4367; x_wconf 92' lang='lat' dir='ltr'>l.</span> <span class='ocrx_word' id='word_1_353' title='bbox 793 4328 816 4367; x_wconf 88' lang='lat' dir='ltr'>c.</span> 
     </span>
    </p>
   </div>
   <div class='ocr_carea' id='block_1_5' title="bbox 0 0 1479 5040">
    <p class='ocr_par' dir='ltr' id='par_1_12' title="bbox 0 0 1479 5040">
     <span class='ocr_line' id='line_1_41' title="bbox 0 0 1479 5040; baseline 0 0"><span class='ocrx_word' id='word_1_354' title='bbox 0 0 1479 5040; x_wconf 95' lang='lat' dir='ltr'> </span> 
     </span>
    </p>
   </div>
  </div>
 </body>
</html>
