2940 5040
247 317 288 378 56
552 321 686 377 DANTIS
705 322 922 379 MONARCHIA
939 322 974 376 ll.
994 322 1023 378 C.
1042 327 1066 375 5.
1124 383 1126 388 ¹

166 484 170 493 ’
245 494 318 559 simi
340 513 436 560 verae
457 494 614 561 libertatis
636 495 773 586 auctoris
794 494 919 561 Marci
947 494 1130 559 Catonis:
1164 512 1299 576 quorum
1321 498 1366 561 al-

195 613 227 663 95
245 596 305 662 teri
327 617 384 680 pro
407 597 509 662 salute
531 596 654 680 patriae
670 597 779 663 mortis
801 596 948 664 tenebras
968 617 1032 662 non
1047 596 1249 680 horruerunt3
1276 597 1367 681 alter,

246 702 281 760 ut
302 695 419 763 mundo
442 698 598 764 libertatis
620 718 744 783 amores
763 698 965 780 accenderet,
989 697 1100 780 quanti
1122 697 1257 763 libertas
1280 705 1365 765 esset

247 798 400 882 ostendit,
423 798 498 863 dum
520 819 537 864 e
560 800 628 864 vita
647 799 900 866 liberdecedere
922 800 1043 883 maluit,
1068 818 1164 881 quam
1179 799 1249 867 sine
1271 801 1364 866 liber-

245 904 312 966 tate
334 920 461 966 manere
483 900 516 964 in
538 900 604 967 illa.
648 901 770 966 Horum
792 902 931 968 omnium
959 921 1073 966 nomen
1103 903 1266 985 egregium
1288 925 1367 971 voce
1440 936 1442 938 ·

246 1003 375 1069 Tullii
405 1002 585 1085 recalescit,
621 1002 654 1066 in
681 1003 720 1068 iis
750 1023 832 1087 quae
863 1002 904 1071 de
931 1004 1010 1070 Fine
1039 1004 1208 1071 Bonorum.
1260 1005 1368 1087 Inquit

181 1122 229 1172 100
248 1104 331 1170 enim
346 1103 471 1168 Tullius
493 1103 554 1169 hoc
576 1102 616 1168 dc
631 1104 754 1170 Deciis:
776 1105 929 1189 „Publius
944 1105 1078 1190 Decius,
1101 1107 1249 1191 princeps
1273 1107 1306 1171 in
1328 1127 1367 1173 ea

245 1204 383 1286 familia,
414 1203 546 1288 Consul,
577 1224 672 1287 quum
702 1226 736 1272 se
766 1204 953 1290 devoveret,
986 1211 1019 1270 et
1048 1226 1130 1290 equo
1164 1208 1306 1275 admisso
1335 1211 1368 1274 in

245 1303 385 1371 mediam
407 1305 509 1371 aciem
531 1306 716 1374 Latinorum
740 1308 896 1391 irruebat,
926 1306 1049 1388 aliquid
1078 1306 1119 1374 de
1147 1310 1368 1395 voluptatibus

245 1407 310 1472 suis
339 1406 516 1489 cogitabat,
545 1407 601 1473 ubi
629 1429 683 1474 eas
711 1413 854 1494 caperet,
885 1413 940 1473 aut
963 1407 1115 1490 quando?
1151 1430 1248 1492 quum
1271 1413 1368 1478 sciret

246 1507 409 1574 confestim
431 1527 501 1574 esse
515 1509 720 1594 moriendum,
745 1530 878 1592 eamque
900 1517 1032 1576 mortem
1055 1509 1235 1577 ardentiore
1258 1512 1365 1580 studio

180 1632 227 1682 105
245 1614 377 1694 peteret,
401 1628 496 1692 quam
511 1610 667 1693 Epicurus
689 1613 887 1698 voluptatem
901 1611 1073 1698 petendam
1094 1614 1244 1697 putavit?
1273 1613 1366 1694 Quod

273 1811 295 1843 ⁹¹
312 1811 342 1864 P.
360 1842 394 1849 -
417 1810 449 1864 F.
467 1813 525 1867 ueri
547 1811 728 1868 libertatis-
745 1814 778 1868 V.
849 1816 882 1850 ¹⁰¹
899 1813 1012 1869 Turrius
1031 1817 1059 1869 et
1076 1814 1176 1869 Fratic.
1203 1820 1300 1870 contra
1322 1831 1367 1870 co-

313 1897 435 1951 ueritetis
456 1897 587 1952 libertatis
615 1930 643 1938 —
671 1897 778 1968 Reliqui
898 1899 988 1952 dicum
1005 1901 1209 1966 auctoritatem,
1227 1900 1368 1969 ipsiusque

313 1980 440 2036 omittunt
457 1997 537 2035 uerae
898 1983 1035 2038 Ciceronis
1047 1987 1293 2040 textum:irrucret
1303 2003 1367 2041 num

329 2066 360 2118 F.
378 2065 413 2118 H.
429 2066 460 2119 L.
478 2066 516 2120 M.
534 2065 607 2121 P.V.
627 2070 654 2121 et
666 2067 777 2124 Ficinus
898 2068 1004 2138 aliquid

252 2188 255 2193 -
312 2150 551 2205 inversione—A.
558 2157 586 2205 et
594 2153 668 2206 editt.
680 2156 778 2208 tutoris
913 2153 944 2205 F.
962 2153 997 2209 H.
1015 2154 1048 2208 V.
1067 2155 1251 2212 uoluntatibus

272 2236 295 2269 ¹¹
304 2234 335 2288 F.
346 2235 422 2289 L.M.
435 2236 465 2290 P.
475 2235 508 2289 V.
519 2265 549 2274 -
559 2237 591 2291 A.
602 2238 716 2291 ulterius
721 2255 777 2309 pro
850 2237 883 2270 ¹⁰³
900 2237 944 2291 Ita
962 2238 1118 2307 scripsimus
1136 2256 1197 2295 cum
1212 2241 1309 2296 Ficino
1329 2244 1367 2307 tin

312 2320 509 2375 -H.Ficinus
527 2326 554 2373 et
572 2318 630 2374 edd.
649 2318 778 2390 elterpro
897 2320 1041 2377 edelnodo
1059 2325 1086 2377 ei
1103 2324 1124 2379 li
1135 2326 1281 2397 pipliessc)
1294 2326 1366 2382 Tur-

329 2405 361 2459 L.
381 2404 418 2458 M.
438 2404 468 2457 P.
486 2406 519 2459 V.
540 2435 570 2443 -
592 2404 623 2457 F.
642 2402 780 2456 horruerit
895 2405 936 2459 rio
954 2410 981 2460 et
998 2406 1158 2462 Frat-L.
1177 2415 1203 2464 et
1221 2411 1297 2466 editt.
1316 2427 1364 2467 an·

310 2519 345 2529 —
362 2491 396 2544 A.
415 2492 593 2544 occurrerunt
611 2487 686 2540 -H.
705 2486 777 2541 Fici·
895 2491 961 2560 tiqu.
980 2492 1029 2546 ubi
1044 2509 1103 2547 eom
1126 2526 1159 2534 —
1183 2495 1221 2548 M.
1250 2502 1281 2550 ut
1305 2514 1363 2552 eum

312 2590 363 2629 nus
382 2577 410 2628 et
427 2573 492 2628 editi
509 2571 616 2627 horruit
894 2606 928 2615 —
946 2577 979 2629 A.
998 2576 1046 2631 uli
1061 2580 1141 2632 etiam
1158 2609 1192 2618 -
1212 2580 1245 2634 F.
1263 2580 1295 2634 P.
1317 2582 1366 2637 ubi

271 2659 294 2692 ¹⁰
310 2659 343 2712 In
360 2658 485 2712 P.,deest
508 2672 615 2711 amores
638 2688 671 2696 -
695 2657 775 2711 Turr.
896 2666 926 2713 ut
943 2677 1003 2713 eom
1020 2692 1054 2699 —
1077 2662 1110 2716 V.
1130 2664 1185 2717 nisi
1197 2669 1227 2717 ut
1245 2681 1304 2720 eoru
1335 2695 1364 2706 -

313 2749 340 2798 et
356 2744 458 2798 Fratic.
475 2757 594 2797 umorem
895 2744 929 2797 H.
949 2745 998 2800 ubi
1019 2748 1074 2801 nisi
1095 2753 1126 2800 ut
1142 2765 1201 2802 eum
1225 2780 1259 2788 —
1282 2750 1365 2819 Apud

329 2829 361 2882 F.
380 2828 410 2882 P.
430 2826 570 2883 accederet
897 2828 1064 2885 Ciceronem:
1101 2833 1259 2904 eopitobut?
1291 2833 1363 2889 Nom

272 2913 294 2946 ⁹¹
311 2913 381 2968 Edd.
399 2930 539 2968 remanere
563 2913 591 2966 in
610 2912 665 2967 illo.
687 2943 720 2951 —
744 2912 776 2965 F.
896 2913 1019 2982 ulricum,
1030 2916 1112 2971 alias:
1130 2918 1364 2988 copiubioutem

311 3014 382 3052 rnen.
401 2999 482 3052 etiarn
500 2997 531 3052 ill
896 3016 958 3070 cup.

271 3083 294 3116 ¹¹
311 3083 342 3136 L.
360 3081 515 3138 reclarescat
847 3084 880 3117 ¹⁰⁴
897 3084 929 3137 P.
948 3085 980 3138 V.
999 3085 1188 3140 ardentior-
1207 3088 1239 3142 L.
1257 3087 1297 3143 M.
1316 3107 1364 3145 ur·

263 3170 296 3202 ¹¹¹
313 3167 347 3221 V.
367 3166 515 3222 Consulem.
549 3165 641 3234 (Apud
659 3165 777 3220 Tullium
896 3168 1015 3224 electiori

313 3252 491 3318 Consulatus.)
848 3253 882 3286 ¹⁰¹
899 3253 929 3306 F.
948 3254 982 3307 H.
1002 3254 1035 3308 V.
1054 3255 1217 3310 uoluntatem

328 3336 362 3390 H.
381 3336 413 3389 L.
432 3335 470 3389 M.
488 3337 518 3389 P.
537 3337 568 3391 V.
591 3351 661 3406 equo
679 3338 777 3391 emisso

313 3523 335 3556 ⁹⁷
354 3522 431 3578 Gonf.
449 3524 590 3577 Aoeuorus
608 3520 798 3590 Purgatorium
814 3522 835 3575 1.
854 3528 896 3576 71.

514 3607 624 3662 Liberti
642 3646 878 3662 ..........
898 3607 948 3663 cle
965 3609 979 3662 i
995 3608 1018 3662 sl
1036 3625 1118 3676 coro,

517 3676 596 3730 Come
612 3691 644 3728 se
661 3673 707 3729 clei
717 3691 771 3745 per
789 3675 826 3728 lei
840 3677 896 3730 uite
912 3677 1014 3746 rrfiuto.

449 3742 489 3798 Tu
507 3745 529 3798 il
544 3746 603 3807 soi;
621 3741 668 3797 clue
686 3758 740 3797 nou
759 3744 781 3796 ti
795 3743 830 3812 su
842 3760 897 3814 per
916 3744 952 3798 lei
968 3762 1062 3799 omaro

514 3812 550 3866 In
573 3810 647 3867 Utica
666 3811 692 3865 lu
709 3816 807 3878 morte,
826 3828 874 3866 oue
892 3812 1015 3867 lusciosti

514 3880 555 3934 Lu
573 3885 646 3934 ueste
664 3877 712 3933 ebe
729 3878 759 3932 ul
774 3896 844 3950 prou
863 3879 891 3934 dl
908 3884 973 3935 sord
990 3880 1014 3935 sl
1032 3880 1134 3936 obiero.

243 3964 282 4017 Et
299 3963 454 4018 Conuiuium
471 3966 487 4020 l.
508 3981 546 4019 c.:
570 3963 613 4032 „0
630 3964 813 4019 sacratissimo
828 3969 904 4034 petto
920 3965 951 4019 ili
969 3964 1077 4030 Cutone,
1095 3964 1142 4020 clei
1152 3967 1315 4036 presumere
1333 3968 1364 4023 di

244 4037 270 4086 te
282 4033 416 4103 pariare?
434 4032 511 4088 Certo
529 4033 741 4104 mappiormente
752 4032 869 4102 periure
887 4033 920 4104 ili
933 4038 959 4086 te
977 4050 1030 4088 non
1047 4036 1074 4088 si
1083 4037 1152 4104 pud,
1171 4033 1220 4090 clue
1238 4040 1330 4090 tacere
1346 4053 1363 4091 e

243 4101 381 4170 sepuitore
397 4099 538 4154 Jeronimo
553 4101 662 4170 quondo
680 4100 726 4154 nel
739 4101 861 4171 proemio
879 4100 952 4154 dello
971 4102 1076 4165 Billis,
1097 4101 1123 4155 iel
1141 4102 1208 4156 dore
1226 4102 1257 4157 di
1272 4102 1362 4159 Poolo

245 4174 337 4232 toccu,
354 4168 413 4222 dice
430 4167 479 4223 ebe
495 4170 593 4239 ereptio
611 4170 624 4222 i
642 4174 745 4234 locere,
764 4167 899 4240 clepone
917 4168 1003 4223 dire.“
1073 4170 1208 4224 ¹⁹Grouao
1227 4171 1259 4226 de
1270 4172 1359 4227 Finib.

243 4237 307 4291 bon.
326 4238 353 4290 et
369 4235 429 4288 mal.
446 4236 481 4288 Il.
502 4240 541 4290 19.
560 4240 631 4302 (bili
