2940 5040
195 361 215 424 8
469 369 604 424 DANTIS
621 369 840 426 MONARCHIA
858 371 878 424 Ι.
897 369 926 425 0.
945 374 969 425 3.
988 375 1033 437 (l).

196 541 345 624 abrutis;
368 540 426 608 sed
448 561 519 608 esse
540 540 806 626 apprehensivum
828 563 886 627 per
905 543 1102 609 intellectum
1116 544 1311 629 possibilem,

197 643 284 724 quod
305 643 433 724 quidem
455 662 527 710 esse
547 644 628 708 nulli
649 643 691 707 ab
716 642 843 709 homine
872 644 929 708 alii
956 645 1109 730 competit
1136 645 1191 711 vel
1221 665 1313 731 supra

196 746 251 813 vel
272 745 362 812 infra.
400 745 484 810 Nam
505 744 568 810 etsi
588 744 673 809 aliae
695 749 768 809 sunt
789 746 947 812 essentiae
970 746 1167 814 intellectum
1188 747 1311 829 partici-

196 852 318 931 pantes,
339 866 403 912 non
423 851 530 912 tamen
543 845 723 912 intellectus
738 865 847 912 earum
862 852 910 913 est
924 848 1096 932 possibilis,
1119 854 1155 913 ut
1167 848 1313 931 hominis,

144 957 180 1008 40
198 949 273 1031 quia
301 947 459 1015 essentiae
486 948 569 1013 tales
598 948 722 1032 species
744 946 902 1029 quaedam
924 954 998 1014 sunt
1019 950 1262 1033 intellectuales,
1283 956 1314 1016 et

196 1071 259 1116 non
281 1048 378 1134 aliud,
400 1053 433 1114 et
454 1068 562 1115 earum
577 1068 646 1115 esse
660 1049 706 1113 nil
721 1052 771 1116 est
786 1049 883 1132 aliud,
907 1070 1002 1133 quam
1017 1052 1206 1136 intelligere,
1231 1051 1314 1133 quod

198 1157 246 1221 cst
267 1152 335 1219 sine
356 1150 613 1236 interpolatione,
637 1149 731 1216 aliter
752 1151 962 1234 sempiternae
983 1174 1047 1219 non
1070 1159 1184 1221 essent.
1222 1154 1313 1221 Patet

195 1253 307 1337 igitur,
341 1251 427 1334 quod
459 1251 603 1316 ultimum
632 1251 672 1318 de
703 1252 848 1336 potentia
878 1253 979 1338 ipsius
1011 1254 1234 1340 humanitatis,
1267 1260 1313 1323 est

196 1354 340 1441 potentia
362 1354 430 1419 sive
453 1353 552 1418 virtus
573 1353 778 1420 intellectiva.

145 1465 179 1514 45
281 1455 323 1520 Et
345 1456 420 1536 quia
440 1455 583 1538 potentia
604 1455 666 1519 ista
692 1475 751 1538 per
771 1475 867 1520 unum
889 1457 1065 1541 hominem,
1093 1478 1151 1524 seu
1179 1480 1238 1543 per
1259 1458 1312 1523 ali-

198 1576 294 1638 quam
307 1555 546 1641 particularium
561 1557 818 1623 oommunitatum
832 1560 976 1643 superius
998 1559 1227 1645 distinctarum,
1249 1565 1315 1627 tota

221 1777 245 1810 ³⁶
261 1775 329 1830 Edd.
354 1793 372 1830 o
395 1775 434 1831 tr.
454 1775 556 1847 portic.
581 1804 611 1813 —
639 1773 729 1830 Verba
847 1782 912 1830 suat
928 1776 1002 1846 quod
1017 1783 1059 1831 est
1074 1780 1178 1833 srlre-
1195 1779 1226 1833 P.
1246 1778 1317 1850 quod

267 1862 332 1931 quia
349 1861 389 1914 sio
406 1864 433 1914 et
443 1861 546 1930 portio.
565 1877 582 1914 o
600 1859 656 1925 br„
682 1860 731 1914 sed
847 1866 912 1915 sunt
928 1860 1003 1931 quod
1011 1861 1112 1915 sirre—
1124 1861 1157 1924 Η.
1170 1864 1246 1934 quod
1255 1870 1316 1918 soret

266 1962 324 2000 esse
340 1943 501 2017 oppreteas.
525 1960 580 1999 non
596 1944 730 2000 habentur
848 1945 956 2015 quidem
979 1946 1038 2000 siue
1062 1975 1097 1986 -
1123 1948 1221 2018 reliqui
1245 1948 1317 2019 quod

263 2031 293 2085 in
312 2029 388 2085 codd.
407 2029 438 2083 F.
456 2029 489 2082 H.
850 2031 989 2084 retiariae

220 2116 244 2149 ³⁸
261 2115 293 2168 A.
312 2114 344 2168 L.
363 2113 435 2169 Nom
452 2114 503 2168 etsi
519 2115 590 2168 oliae
613 2114 669 2168 siat
698 2145 728 2154 -
865 2115 897 2170 F.
916 2114 954 2170 M.
966 2115 1041 2171 -H.
1060 2116 1091 2169 P.
1107 2117 1140 2171 V.
1159 2119 1317 2189 interpolla-

265 2200 296 2254 F.
315 2199 386 2254 Nom
402 2199 429 2253 si
443 2202 508 2253 suat
524 2199 595 2253 oliae
850 2201 922 2254 tione
937 2231 972 2238 —
995 2199 1027 2252 A.
1046 2201 1078 2254 L.
1103 2203 1318 2274 interpellatione

220 2286 245 2319 ⁴⁰
259 2285 290 2338 A.
309 2285 411 2356 speeies
429 2282 537 2354 quietem
553 2291 618 2337 suat
866 2284 898 2339 F.
916 2284 988 2339 otios
1004 2287 1185 2357 sempiternae

221 2371 244 2403 ⁴¹
262 2369 292 2424 P.
310 2401 343 2408 -
361 2369 395 2423 al.
415 2368 565 2438 iutellioere
583 2367 651 2438 quid
667 2372 707 2422 est
817 2369 840 2402 ⁴³
858 2368 889 2422 F.
908 2368 989 2424 Patet
1004 2386 1071 2442 erqo

222 2456 247 2487 ⁴²
264 2455 296 2508 A.
321 2460 384 2524 post
408 2453 475 2523 quid
497 2458 538 2507 est
560 2452 636 2507 addit
658 2451 732 2522 quod

267 2642 290 2674 ³⁶
306 2640 471 2706 Intellectus,
489 2655 571 2707 quum
578 2639 771 2709 apprehendat,
788 2643 829 2694 est
837 2640 955 2721 patiens,
975 2642 1020 2709 qui
1028 2657 1090 2697 vero
1120 2642 1206 2698 atitur
1213 2659 1269 2699 non
1278 2649 1319 2701 est

195 2711 225 2765 in
242 2713 315 2773 actu,
334 2708 418 2764 sedin
427 2707 557 2810 potentia.
586 2706 650 2762 Ideo
661 2707 821 2774 intellectus,
839 2725 868 2762 1n
879 2660 1202 2780 quantumappressendit.
1220 2712 1320 2768 dicitur

196 2776 341 2848 possibilis.
386 2779 389 2787 '
441 2777 451 2809 ⁸
475 2776 555 2830 Tales
577 2776 680 2846 species
704 2775 816 2831 materiis
838 2781 945 2845 carent,
972 2793 1026 2832 non
1051 2794 1068 2832 a
1087 2779 1260 2848 prehendunt
1283 2783 1319 2837 ad

196 2846 304 2902 modum
321 2844 436 2900 hominis
453 2844 489 2898 lm
525 2843 532 2856 ’
554 2859 582 2898 es
599 2860 689 2898 rerum
707 2849 886 2899 externarum.
956 2846 978 2879 ⁴¹
996 2846 1046 2900 Fa.
1065 2796 1088 2900 ὃ

196 2914 238 2969 De
281 2917 359 2968 otest.
384 2913 481 2968 summi
527 2911 603 2966 ontis.
628 2918 656 2965 et
678 2912 868 2981 reprobatione
890 2913 1031 2968 Monarch.
1057 2931 1175 2983 compos.
1194 2932 1211 2970 a
1228 2917 1318 2973 Dante

196 2931 295 3050 Alligir.
314 2982 410 3036 Bonon
429 2985 503 3035 1746.
529 2979 688 3047 „Secundus
706 2996 781 3035 error
799 2986 840 3035 est
856 2980 885 3034 in
901 2982 967 3048 hoc,
991 2982 1063 3051 quod
1086 2982 1152 3038 dicit
1173 2984 1202 3038 in
1225 2985 1319 3041 ecdem

198 3066 230 3105 ca
250 3049 317 3104 itulo
334 3048 849 3118 ,‚quodinsubstantiisspiritualibus,“
867 3065 933 3117 quos
951 3051 1127 3118 nosAngelos
1141 3053 1318 3121 appellamus,

198 3066 285 3186 „iiam
303 3121 345 3172 est
362 3133 421 3172 esse
438 3121 467 3172 et
482 3116 637 3184 intelligere,
656 3122 682 3170 et
700 3116 785 3184 quod,
803 3116 855 3172 nisi
873 3117 1000 3172 continue
1016 3118 1202 3188 intelligerent,
1221 3123 1319 3192 sempi-

197 3192 291 3241 ternae
307 3201 362 3240 non
379 3188 495 3240 essent.“
582 3185 606 3217 ⁴²
628 3183 671 3239 De
693 3199 774 3240 sensu
796 3185 877 3240 huius
900 3185 956 3240 loci
978 3202 1032 3241 non
1057 3191 1098 3242 est
1115 3189 1318 3256 ambigendum:

197 3255 283 3309 Actus
307 3252 473 3322 intelligendi
497 3253 594 3306 harum
617 3253 792 3307 essentiarum
815 3253 1032 3322 intelligentium,
1056 3256 1219 3324 Angelorum
1242 3263 1319 3327 puta,
1374 3292 1378 3300 ·

197 3322 251 3377 alio
274 3327 337 3376 actu
360 3337 505 3391 numquam
527 3321 731 3390 interrumpitur
754 3327 856 3391 (questo
874 3351 906 3360 —
924 3323 1062 3377 intendere
1077 3355 1111 3363 -
1127 3324 1217 3394 fanno
1235 3343 1319 3382 roszo

198 3391 413 3456 intermessioae,
437 3394 469 3443 ut
489 3394 563 3444 reete
580 3390 659 3443 vertit
675 3388 805 3455 Ficinus).
842 3389 908 3443 Utra
926 3405 961 3444 ue
984 3390 1065 3460 igitur
1091 3392 1214 3447 codicum
1238 3393 1319 3450 lectio

198 3461 288 3528 potest
310 3457 430 3523 defendi,
457 3457 528 3511 sieut
551 3456 632 3510 etiam
656 3456 728 3526 apud
746 3457 876 3511 Snuncnm
893 3406 991 3528 (sspist.
1010 3464 1052 3512 47.
1072 3459 1142 3526 init.)
1160 3466 1318 3532 utrumque:

197 3541 282 3592 ‚uoce
304 3526 597 3595 interpellatum“
621 3527 649 3579 et
666 3524 934 3595 „interpolatum
951 3525 1102 3581 silentium‘
1120 3528 1246 3584 habetur.
1282 3531 1321 3586 Ut

197 3599 288 3650 tamen
305 3592 591 3664 interpolatione
617 3591 778 3659 (μεταβολήν
795 3592 967 3658 Aristotelis),
1000 3595 1071 3663 quod
1088 3596 1216 3651 exhibent
1232 3598 1319 3666 editt,

197 3663 354 3728 retinerem,
372 3677 414 3717 me
431 3660 514 3716 movit
530 3660 679 3715 auctoritas
701 3660 822 3716 locorum
843 3661 871 3714 in
888 3660 1070 3718 Vocabularm
1088 3664 1179 3728 „dello
1199 3664 1318 3722 Crusoo“

197 3746 230 3786 ea
240 3731 290 3785 sub
301 3746 366 3785 voce
374 3730 528 3792 relatorum,
547 3729 592 3797 qui
601 3729 683 3782 Italos
692 3729 745 3782 scri
765 3734 836 3783 tores
847 3729 1013 3800 interpolare
1026 3746 1075 3800 pro
1089 3731 1319 3804 „interrumpere“

198 3799 306 3869 saepius
325 3815 390 3853 usur
410 3814 472 3853 asse
488 3796 611 3866 probant.
645 3795 688 3876 βί.
703 3800 731 3850 et
741 3746 884 3877 iiptimum,
903 3812 981 3866 quem
990 3798 1092 3864 dicunt,
1100 3799 1274 3870 interpretem
1283 3803 1318 3856 ad

198 3867 307 3936 Purgat.
336 3816 435 3921 XXiV.
463 3870 502 3920 29.
543 3863 739 3943 ,onesta-olto
765 3871 834 3918 mter
854 3865 1028 3921 ottotomeate
1052 3875 1234 3938 soprostonao
1262 3871 1319 3926 olio

192 3939 341 4007 postoro.“
424 3935 565 3988 Aueucaus
581 3931 727 3986 Paradrsus
838 3939 908 3988 .76:

451 4018 547 4084 Queste
563 4018 708 4082 sustonzie,
716 4016 821 4098 poiche
836 4017 887 4086 fur
902 4019 1035 4089 proconde

486 4085 564 4140 Delio
580 4085 674 4155 farcio
692 4088 719 4140 etr
737 4085 798 4148 Dio,
816 4102 870 4140 aon
887 4086 975 4141 volsar
991 4089 1049 4142 viso

485 4153 528 4208 Do
546 4169 614 4218 esso,
631 4154 668 4208 olo
685 4155 731 4209 oui
746 4153 822 4208 nullo
839 4155 865 4207 si
881 4155 1029 4210 aosoonole:

453 4221 524 4276 Pero
541 4237 595 4276 noa
612 4220 704 4276 honoro
722 4222 817 4292 cedere
834 4223 961 4278 interciso
1008 4259 1009 4263 =

486 4289 530 4344 Do
547 4305 635 4344 nrcooo
652 4290 776 4346 obbietto.

1092 2848 1320 2905 umoVnsnnrrus
