2940 5040
204 309 245 371 32
400 311 535 367 DANTls
554 310 773 366 Mouauoffln
789 310 811 364 1.
830 311 857 366 c.
879 315 917 366 15.
936 315 999 377 (rr),
1019 315 1057 365 ro.
1075 314 1137 377 (re).

287 484 347 549 His
369 484 560 571 praemissis,
588 487 718 569 propter
739 482 989 571 declarationem
1012 480 1232 551 adsumendae
1255 504 1324 567 pro-

200 585 368 672 positionis
407 585 450 651 ad
482 587 694 671 propositum,
734 585 781 650 sic
814 589 977 666 arguatur:
1011 583 1122 651 Omnis
1155 586 1325 660 concordia

202 686 362 771 dependet
376 689 417 752 ab
432 688 552 755 unitate
569 707 650 769 quae
667 690 715 753 cst
730 686 763 751 in
777 685 1011 770 voluntatibus3
1034 705 1135 769 genus
1151 687 1325 765 humanum

151 795 183 844 40
201 789 319 875 optime
340 809 375 855 se
397 790 518 856 habens
540 794 589 856 est
618 787 776 871 quaedam
799 786 976 855 concordia.
1021 789 1105 854 Nam
1133 789 1217 854 sicut
1245 809 1324 856 unus

200 892 294 958 homo
318 892 436 976 optime
456 911 491 958 se
506 885 638 974 habena,
662 895 694 958 et
709 897 860 971 quantum
882 890 925 955 ad
947 889 1095 974 animam,
1119 895 1152 957 ct
1170 896 1324 973 qnantum

200 992 242 1058 ad
265 1012 387 1078 corpus,
411 998 460 1060 est
475 993 643 1059 concordia
658 992 824 1075 quaedam,
848 997 879 1058 ct
895 991 1041 1057 similiter
1056 991 1179 1076 domus,
1196 993 1322 1078 civitae,

199 1099 232 1160 ct
252 1113 397 1179 regnum3
421 1094 468 1160 sic
490 1100 590 1161 totum
605 1113 706 1175 genus
721 1095 902 1159 humanum.
931 1093 1018 1175 Ergo
1032 1114 1133 1177 genus
1147 1094 1323 1160 humanum

199 1195 318 1281 optime
351 1215 401 1262 sev
417 1197 554 1279 habene,
589 1197 630 1261 ab
663 1195 798 1278 unitate,
833 1214 916 1277 quae
945 1200 994 1263 cst
1026 1196 1057 1260 in
1092 1196 1321 1281 voluntatibus,

149 1304 180 1354 45
199 1297 367 1383 dependet.
412 1296 478 1363 Sed
505 1299 566 1364 hoc
594 1317 663 1364 csse
685 1318 749 1362 non
769 1302 875 1382 potest
882 1347 890 1380 ‚
919 1297 981 1363 nisi
1010 1297 1052 1362 sit
1074 1299 1225 1364 voluntas
1248 1317 1320 1382 una,

199 1398 328 1466 domina
340 1405 372 1465 et
383 1398 557 1479 regulatrix
569 1400 707 1465 omnium
718 1398 852 1463 aliarum
863 1399 895 1464 in
906 1419 1016 1483 unum;
1031 1419 1128 1481 quum
1138 1400 1323 1466 mortalium

199 1501 380 1566 voluntates
402 1505 531 1585 propter
556 1499 691 1565 blandas
721 1498 959 1568 adolescentiae
984 1500 1215 1569 delectationes
1241 1501 1320 1567 indi-

199 1605 296 1683 geant
305 1599 469 1686 directivo,
482 1608 516 1667 ut
527 1602 560 1666 in
571 1602 690 1667 ultimis
703 1602 745 1666 ad
752 1601 981 1668 Nicomachum
991 1601 1084 1669 docet
1095 1602 1320 1689 Philosophus.

199 1702 268 1768 Nec
295 1703 358 1767 ista
386 1722 448 1768 una
475 1709 579 1789 potest
607 1723 691 1786 esse,
722 1702 783 1768 nisi
812 1703 854 1769 sit
882 1703 1034 1788 Princeps
1062 1723 1142 1769 unus
1171 1706 1321 1791 omnium,

149 1812 182 1862 50
200 1803 288 1869 cuius
322 1805 468 1889 voluntas
501 1804 628 1871 domina
656 1811 688 1872 et
716 1806 890 1886 regulatrix
918 1806 1052 1871 aliarum
1081 1807 1223 1873 omnium
1252 1828 1322 1875 csse

198 1905 308 1989 possit.
352 1904 446 1986 Quod
467 1906 495 1972 si
517 1927 625 1974 omnes
648 1907 893 1988 consequentiae
914 1907 1094 1993 superiores
1116 1928 1214 1975 verae
1238 1916 1319 1993 sunt,

200 2006 286 2090 quod
300 2014 387 2092 sunt;
411 2029 540 2076 necesse
557 2016 612 2092 est,
636 2007 679 2073 ad
694 2008 813 2093 optime
828 2028 864 2075 se
878 2009 997 2076 habere
1013 2010 1186 2075 humanum
1207 2029 1319 2095 genus,

199 2128 269 2176 esse
291 2109 325 2174 in
345 2109 462 2176 mundo
484 2111 704 2193 Monarcham,
728 2114 760 2177 et
781 2131 838 2195 per
861 2131 1071 2196 consequens,
1100 2112 1320 2179 Monarchiam

199 2210 242 2274 ad
264 2211 344 2279 bene
366 2231 437 2278 esse
460 2211 577 2278 mundi.

568 2386 689 2460 [onnon
711 2400 783 2447 xvi.
808 2379 946 2466 (xuni.)]

282 2515 471 2582 Rationibus
487 2517 632 2582 omnihus
647 2535 743 2601 supra
753 2516 876 2601 positis,
892 2517 1088 2602 experientia
1099 2518 1319 2600 memorabilis

198 2619 378 2700 attestatur;
403 2622 504 2683 status
527 2616 676 2686 videlicet
697 2620 784 2685 illius
805 2618 994 2703 mortalium,
1017 2638 1112 2703 quem
1127 2619 1191 2686 Dci
1205 2619 1317 2704 Filius,

197 2717 230 2781 in
257 2718 393 2785 salutem
421 2718 557 2788 hominis
585 2720 745 2788 hominem
773 2721 1012 2805 adsumpturus,
1042 2722 1094 2787 vel
1124 2723 1317 2806 expectavit,

197 2820 250 2886 vel
273 2839 369 2902 quum
391 2822 493 2889 voluit
520 2822 589 2907 ipse
618 2821 784 2906 disposuit.
828 2822 913 2887 Nam
935 2822 962 2887 si
983 2842 1004 2887 a
1025 2822 1118 2909 lapsu
1143 2824 1317 2908 primorum

164 2927 380 3007 warantum,
411 2924 465 3005 qui
493 2922 716 2989 diverticulum
743 2925 802 2991 fuit
830 2924 927 2990 totius
955 2930 1082 2991 nostrae
1112 2924 1315 3011 deviationis,

197 3023 420 3109 dispositiones
435 3025 600 3092 hominum
614 3030 645 3090 et
660 3030 804 3112 tempora
818 3027 1009 3110 recolamus3
1031 3046 1095 3092 non
1108 3026 1316 3113 inveniemus,

196 3125 257 3190 nisi
271 3127 330 3192 sub
346 3126 421 3195 divo
437 3129 580 3211 Augusto
595 3127 776 3212 Monarcha,
793 3128 949 3195 existente
963 3128 1148 3194 Monarchia
1162 3130 1315 3215 perfecta,

222 3329 246 3361 ⁴²
262 3330 294 3382 A.
312 3330 392 3385 simil.
411 3328 506 3384 domus
523 3334 550 3382 et
567 3331 661 3385 civitas
781 3328 845 3399 Cap.
864 3328 936 3382 XVI.
974 3329 1029 3384 ¹1².
1046 3328 1078 3382 P.
1096 3332 1231 3402 appositis
1313 3322 1315 3325 ’

222 3414 245 3447 ⁴⁰
262 3413 293 3468 F.
313 3415 446 3478 aliarum
464 3430 546 3484 quom
564 3416 671 3470 mortal.
865 3412 895 3466 P.
914 3419 940 3466 et
952 3415 1189 3485 perexistemtiam
1202 3416 1317 3487 spiritus

223 3497 247 3531 ⁴⁸
263 3498 297 3552 H.
317 3500 344 3552 ia
362 3499 463 3553 ultimis
480 3497 518 3552 ad
533 3498 594 3554 Nic.
613 3500 679 3556 dicit
848 3498 891 3552 vel
905 3500 1047 3552 essentiam
1056 3513 1132 3551 mem.
1142 3499 1217 3553 -Ε,
1229 3505 1317 3573 etper

279 3583 350 3637 Edd.
381 3584 486 3637 inverso
525 3582 618 3638 ordine
652 3584 731 3640 docet
848 3584 989 3638 essentiam
1007 3598 1083 3638 mem.

263 3667 334 3723 Phil.
352 3667 390 3723 acl
406 3668 509 3723 Nicom.
824 3671 835 3703 ²
851 3667 885 3721 V.
903 3671 991 3721 statur
1008 3666 1071 3725 iude
1087 3667 1162 3726 illius

221 3752 243 3784 ⁴⁹
259 3752 328 3807 Edd.
346 3753 405 3808 Neo
421 3769 477 3807 mea
495 3753 547 3807 icta
822 3751 833 3784 ³
850 3749 888 3804 M.
900 3749 1017 3805 hominis
1028 3749 1161 3808 homiaem
1174 3751 1316 3811 adsumtos

221 3838 245 3869 ⁶²
260 3838 294 3892 A.
312 3853 392 3892 cerae
408 3843 484 3902 sunt,
504 3843 592 3910 prout
615 3841 679 3892 sam
696 3868 728 3880 -
823 3836 834 3869 ⁶
851 3836 883 3888 A.
893 3835 1041 3890 F.L.-V.
1049 3835 1272 3905 cumdiscretam.
1283 3869 1314 3881 -

262 3922 293 3976 F.
313 3939 367 3977 cer.
384 3938 416 3988 a,
435 3923 509 3993 quod
525 3921 627 3977 scilicet
644 3953 678 3963 -
694 3921 727 3976 H.
847 3918 884 3973 M.
903 3919 934 3974 P.
953 3925 980 3974 et
997 3919 1055 3974 edd.
1074 3921 1149 3992 quod
1164 3921 1315 3979 diverticul.

260 4021 341 4061 verae
358 4007 465 4076 quidem
482 4012 548 4060 sunt
848 4037 882 4044 —
898 4005 933 4059 H.
952 4005 1087 4076 quoddam
1105 4005 1256 4063 diverticul.

221 4089 244 4121 ⁵³
259 4089 329 4145 Edd.
347 4090 423 4146 Mon.
441 4108 499 4146 esse
516 4093 544 4146 ia
561 4091 660 4147 mundo
689 4129 691 4132 <
865 4091 903 4144 M.
922 4095 1031 4146 nostrae
1048 4089 1233 4148 damnationis

263 4243 287 4275 ⁴⁸
303 4245 497 4299 Aaronorrmns
515 4243 605 4298 Ethic.
623 4244 727 4301 Nicon.
747 4243 780 4297 X.
799 4250 824 4300 5.
