2940 5040
277 314 336 377 126
520 317 653 372 DANTIS
671 317 891 371 MONARCHIA
908 317 956 370 Ill.
977 318 1005 372 C.
1029 321 1064 371 12.
1086 323 1145 384 (ll.)

223 510 254 561 25
274 492 415 575 speciem
438 496 469 555 et
491 487 599 572 genus,
624 494 655 555 et
676 509 734 574 per
757 509 851 570 quam
876 489 1039 573 reponitur
1062 491 1120 554 sub
1135 487 1398 575 praedicamento

274 592 541 658 substantiae.
595 592 690 656 Pater
717 611 792 656 vcro
822 597 870 656 est
898 590 948 673 id,
979 591 1064 672 quod
1096 598 1145 656 cst
1174 611 1233 675 per
1261 589 1399 655 formam

273 693 587 776 accidentalem,
612 698 756 773 quaeest
778 692 899 774 relatio,
923 712 980 776 per
995 712 1090 774 quam
1104 693 1232 758 sortitur
1253 693 1399 776 speciem

275 796 444 876 quamdam
463 801 494 860 et
510 812 621 877 genus,
637 800 669 860 et
687 795 850 878 reponitur
864 795 922 859 sub
937 812 1054 875 genere
1073 793 1121 858 ad
1143 793 1304 876 aliquid
1328 795 1397 859 sive

274 896 503 963 relationis.
541 896 644 960 Aliter
666 896 772 961 omnia
792 897 1015 962 reducerentur
1036 895 1079 959 ad
1101 894 1398 980 praedicamentum

224 1021 255 1070 30
274 998 484 1080 substantiam
510 1017 606 1078 quum
628 997 716 1061 nulla
738 998 839 1062 forma
862 996 1068 1062 accidentalis
1093 1017 1151 1081 per
1173 1017 1208 1064 se
1231 997 1397 1080 subsistat,

273 1102 393 1181 absque
423 1098 589 1184 hypostasi
618 1098 814 1163 substantiae
838 1098 1051 1164 subsistentis:
1081 1097 1167 1180 quod
1198 1104 1247 1164 est
1268 1100 1396 1165 falsum.

273 1205 376 1284 Quum
399 1221 473 1283 ergo
496 1202 586 1283 Papa
608 1204 640 1264 et
661 1201 838 1283 Imperator
859 1200 922 1264 sint
943 1198 992 1282 id,
1016 1199 1102 1281 qnod
1125 1206 1197 1265 sunt
1219 1222 1278 1283 per
1301 1220 1395 1282 quas-

274 1303 347 1368 dam
371 1302 556 1384 relationes3
582 1302 657 1382 quia
679 1322 736 1386 per
757 1303 915 1387 Papatum
937 1309 968 1368 et
988 1322 1047 1386 per
1067 1302 1289 1387 Imperiatnm,
1314 1321 1397 1383 quae

274 1405 444 1471 relationes
467 1408 548 1485 sunt,
572 1403 674 1468 altera
696 1405 754 1468 sub
777 1404 899 1468 ambitu
920 1402 1130 1488 paternitatis,
1154 1405 1313 1469 etaltera
1336 1404 1396 1468 sub

224 1533 255 1583 35
273 1507 394 1572 ambitu
417 1504 655 1571 dominationis:
679 1505 878 1571 manifestum
901 1509 950 1570 est
972 1503 1058 1586 quod
1080 1507 1174 1588 Papa·
1199 1509 1232 1570 et
1254 1505 1395 1589 Impera-

272 1614 336 1689 tor,
359 1607 393 1671 in
415 1611 567 1686 quantum
588 1606 786 1691 hujusmodi,
810 1607 930 1671 habent
951 1607 1063 1689 reponi
1086 1608 1157 1672 sub
1179 1606 1395 1691 praedica-

273 1713 404 1774 mento
434 1709 671 1791 relationis,
702 1715 734 1774 et
762 1730 819 1793 per
842 1727 1039 1788 consequens
1061 1707 1169 1774 reduci
1195 1708 1239 1773 ad
1260 1706 1395 1789 aliquod

274 1811 430 1877 exsistens
453 1810 510 1874 sub
536 1810 593 1875 illo
615 1830 741 1892 genere.

359 1911 450 1978 Unde
480 1910 569 1994 dico,
600 1911 685 1993 quod
714 1912 780 1976 alia
808 1917 856 1977 est
886 1931 1047 1993 mensura,
1077 1910 1119 1974 ad
1149 1931 1246 1992 quam
1274 1911 1396 1976 habent

223 2026 257 2074 ro
273 2013 396 2096 reduci,
419 2019 512 2096 prout
535 2022 608 2079 sunt
630 2014 788 2097 homines3
820 2020 851 2078 et
874 2014 954 2096 alia,
984 2018 1077 2096 prount
1100 2017 1172 2077 sunt
1195 2019 1227 2079 et
1250 2016 1340 2098 Papa
1363 2019 1396 2080 et

273 2117 456 2200 Imperator.
510 2116 611 2200 Nam,
645 2123 738 2201 prout
766 2120 839 2180 sunt
866 2115 1027 2198 homines,
1065 2114 1184 2179 habent
1213 2113 1324 2181 reduci
1352 2114 1396 2180 ad

273 2217 426 2301 optimum
449 2216 618 2302 hominem,
642 2219 696 2300 qui
719 2222 767 2284 est
781 2237 930 2283 mensura
945 2217 1084 2282 omnium
1100 2216 1234 2280 aliorum
1259 2223 1291 2283 et
1310 2217 1394 2300 idea,

272 2323 307 2382 ut
328 2319 373 2382 ita
396 2318 511 2402 dicam,
535 2321 678 2402 quisquis
701 2320 757 2385 ille
780 2321 830 2403 sit,
854 2318 896 2383 ad
911 2317 1117 2384 exsistentem
1136 2318 1275 2384 maxime
1298 2339 1397 2384 unum

272 2420 305 2484 in
326 2440 442 2502 genere
465 2440 540 2504 suo,
566 2426 600 2485 ut
621 2421 732 2487 haberi
754 2427 861 2506 potest
883 2442 924 2487 ex
946 2419 1066 2484 ultimis
1088 2419 1131 2484 ad
1152 2419 1394 2486 Nicomachum

298 2588 321 2619 33
338 2586 367 2639 Ρ.
386 2604 403 2641 a
420 2589 562 2658 reponitur
585 2589 671 2642 lineae
690 2595 720 2642 25
740 2605 803 2658 pro·

340 2672 393 2726 silit
411 2673 445 2725 ad
462 2672 804 2727 idemvocabulumrecur·

339 2773 400 2810 rens
418 2758 446 2810 in
465 2757 510 2811 lin.
530 2763 570 2811 28.
595 2758 701 2812 omissis
719 2760 802 2812 inter·

339 2842 431 2895 mediis

298 2927 321 2958 33
339 2925 422 2980 Pater
449 2929 518 2979 euim
545 2932 583 2979 est
608 2927 700 2994 legunt
727 2926 803 2980 codd.

339 3011 458 3064 unanimi
474 3026 614 3065 consensu.

299 3097 323 3129 33
339 3097 371 3147 Α.
390 3096 424 3148 H.
442 3096 474 3148 L.
492 3096 608 3149 P.-V.
626 3097 675 3151 surb
693 3113 753 3167 peu.
769 3095 807 3150 ud

340 3181 454 3251 aliquod
462 3212 495 3220 —
505 3182 541 3234 M.
551 3181 600 3235 sul
611 3197 673 3251 peu.
683 3180 720 3234 ad
729 3179 806 3233 aliud

357 3265 388 3318 V.
406 3283 472 3320 suae
489 3265 630 3319 relationis

300 3351 323 3384 ³¹
340 3351 370 3404 P.
389 3352 489 3419 absquo
507 3355 679 3420 compostosy

300 3436 322 3467 ³³
339 3434 371 3487 F.
382 3436 455 3486 -Α,
461 3450 515 3505 per
522 3433 659 3504 Populum
668 3433 807 3505 etperlm·

336 3523 463 3588 peratum
481 3549 514 3557 -
532 3519 564 3573 L.
582 3518 620 3570 M.
641 3519 674 3571 V.
688 3517 805 3589 perPa-

335 3609 432 3673 putum
450 3612 476 3656 et
488 3620 543 3674 per
560 3603 708 3675 Imperium
726 3603 804 3656 —H.

339 3687 368 3739 Ρ.
374 3687 573 3759 parPapotum
592 3696 618 3742 et
627 3688 804 3760 Imperiotum

298 3773 320 3806 33
338 3772 369 3825 F.
387 3773 418 3826 P.
444 3775 570 3828 omittunt
583 3774 759 3845 paternitatis
779 3780 806 3826 et

339 3858 426 3912 alteru
443 3860 491 3915 sub
510 3859 611 3913 acubitu

299 3945 321 3978 33
338 3943 369 3996 F.
385 3945 414 3997 iu
430 3951 559 4013 quantum
573 3943 700 4014 liujusm.
710 3942 806 3997 debent

340 4059 371 4067 -
400 4028 432 4080 L.
456 4029 488 4084 V.
511 4032 538 4082 iu
569 4033 702 4098 quomam·
722 4026 806 4098 liujus

923 2586 1021 2641 habeut
1047 2617 1080 2624 ——
1112 2585 1141 2638 P.
1176 2588 1203 2639 iu
1236 2604 1282 2657 qu.
1311 2586 1397 2658 liujus

925 2670 1038 2726 doletur

885 2759 916 2815 ³⁷,
931 2758 954 2790 33
966 2757 1002 2808 A.
1018 2754 1051 2807 L.
1065 2755 1161 2809 reduci
1168 2756 1206 2809 ad
1214 2757 1322 2826 aliquid
1336 2761 1397 2812 coci-

923 2848 997 2894 stcus
1007 2871 1040 2879 -
1055 2840 1085 2893 P.
1100 2840 1156 2893 red.
1168 2840 1206 2893 od
1221 2841 1335 2910 aliquod
1347 2859 1397 2896 eus

882 2928 903 2957 33
920 2926 952 2979 P.
962 2925 994 2978 V.
1012 2924 1112 2978 etalio
1124 2933 1213 2995 prout
1230 2933 1295 2979 suist
1313 2925 1396 2998 Papa

882 3011 904 3042 33
923 3010 960 3063 Μ.
979 3009 1050 3062 Nam
1077 3014 1108 3062 ut
1131 3017 1195 3062 suist
1217 3009 1338 3064 hanzines
1363 3042 1395 3051 -

924 3094 957 3146 H.
969 3093 1039 3147 Nam
1057 3097 1088 3145 ut
1102 3093 1177 3162 quod
1192 3100 1256 3148 sarit
1273 3094 1397 3151 domines

883 3180 914 3244 33,
934 3181 958 3212 33
974 3179 1004 3231 P.
1016 3182 1043 3231 et
1052 3177 1128 3232 editt.
1145 3183 1212 3233 antt.
1231 3187 1258 3233 ct
1274 3180 1345 3246 idac,
1364 3186 1395 3233 ut

926 3264 964 3316 ita
982 3262 1071 3316 tlioom
1090 3294 1123 3303 -
1148 3264 1181 3316 A.
1200 3264 1231 3317 F.
1250 3264 1282 3316 Η.
1303 3264 1334 3318 L.
1354 3265 1393 3319 M.

925 3348 958 3400 V.
978 3354 1004 3401 ct
1021 3346 1088 3411 ideo,
1107 3354 1138 3401 ut
1155 3348 1243 3403 dicam
1256 3378 1288 3388 —
1305 3349 1393 3403 Ficin.

925 3449 940 3486 c
953 3449 1007 3503 per
1025 3431 1081 3486 cosi
1099 3432 1157 3486 dire
1176 3433 1198 3486 il
1215 3435 1272 3504 tipo

885 3517 907 3548 33
925 3517 958 3569 A.
976 3517 1008 3570 F.
1027 3518 1062 3571 H.
1080 3518 1113 3572 L.
1131 3518 1161 3571 P.
1180 3517 1213 3570 V.
1236 3518 1266 3570 'iu
1283 3534 1393 3589 periere,

926 3607 954 3654 ut
971 3600 1071 3657 iuberi.
1104 3604 1136 3656 In
1154 3618 1207 3656 uno
1221 3602 1259 3655 M.
1275 3603 1394 3658 habetur

924 3702 981 3750 suo,
1000 3687 1071 3754 quod
1089 3687 1184 3741 abesse
1202 3687 1303 3756 nequit.

941 3788 978 3825 ecc
995 3770 1098 3826 ultimis
1115 3772 1151 3826 tul
1167 3770 1272 3826 Nicom.
1290 3771 1394 3826 habent

923 3863 979 3910 tam
996 3873 1077 3911 manu
1102 3856 1197 3926 scripti
1220 3873 1301 3925 quam
1320 3858 1393 3927 typis

925 3942 1046 4011 expressi
1064 3942 1147 4010 antiq.
1171 3972 1204 3981 —
1222 3941 1336 3996 Recent.
1355 3959 1393 3997 eu

925 4027 1018 4081 ultimo
1037 4026 1075 4081 ad
1091 4025 1152 4081 Nic.

247 4216 250 4222 .
340 4166 364 4199 33
377 4163 474 4217 Verbis
485 4164 766 4233 „praedicamentum“
777 4170 804 4218 et
815 4166 935 4230 „genus“
946 4162 1024 4230 quasi
1034 4162 1179 4231 synonimm
1190 4162 1275 4215 utitur
1284 4167 1391 4216 auctor.

272 4233 296 4264 33
313 4234 503 4285 Amsrorsuus
522 4233 649 4286 Ethica
667 4232 796 4286 Nicom.
814 4231 873 4285 Lib.
892 4231 925 4283 X.
952 4246 1010 4300 cap.
1030 4238 1053 4285 5.
1078 4231 1149 4294 (leot.
1168 4234 1202 4289 80}
1221 4231 1315 4285 transl.
1334 4235 1389 4283 ant.
