2940 5040
209 301 248 362 14
421 303 557 359 DANTIS
574 301 792 358 MONAROHIA
809 305 830 357 1.
849 304 879 360 c.
897 311 921 358 τ.
941 310 984 371 (9),
1002 310 1027 361 s.
1046 309 1107 374 (ιο).

206 477 420 560 superioribus
443 474 550 558 colligi
571 480 677 560 potest
699 475 739 541 de
760 476 862 561 facili3
894 496 970 559 ergo
1000 485 1032 546 et
1060 479 1132 565 ipsa
1158 479 1202 545 ad
1223 481 1333 566 Ipsum

158 602 187 651 ιο
205 584 401 666 universum,
430 583 499 649 sive
528 582 660 649 adeius
682 584 877 668 Principem,
907 585 961 666 qui
989 586 1077 654 Deus
1107 593 1156 655 est
1186 592 1219 655 et
1241 589 1330 655 Mon-

205 685 318 768 archa,
354 685 540 767 simpliciter
575 685 657 751 bene
696 686 869 771 respondet
906 707 964 771 per
1002 707 1098 755 unum
1136 689 1329 775 principium

205 791 341 870 tantum,
372 786 493 853 scilicet
513 785 640 851 unicum
661 787 850 872 Principem.
894 787 945 853 Ex
968 808 1029 871 quo
1052 790 1210 875 sequitur,
1239 792 1327 858 Mon·

205 889 345 956 archiam
366 887 579 956 necessariam
601 888 728 972 mundo,
750 893 785 952 ut
806 889 889 956 bene
910 891 959 956 sit.

604 1104 727 1193 [CAPUT
748 1128 819 1175 vm
843 1105 856 1194 (
884 1105 919 1196 ·)l

288 1244 330 1309 Et
352 1265 445 1310 omne
466 1242 546 1307 illud
569 1244 650 1310 bene
672 1262 708 1310 se
731 1243 837 1326 habet,
861 1249 894 1310 et
915 1245 1043 1328 optimc,
1067 1245 1154 1327 quod
1176 1247 1325 1316 sehabet

204 1344 378 1414 secundum
399 1344 606 1412 intentionem
627 1344 721 1431 primi
744 1345 886 1429 agentis,
914 1346 967 1427 qui
990 1346 1078 1413 Deus
1100 1353 1158 1415 est.
1203 1348 1246 1413 Et
1267 1348 1324 1416 hoo

164 1449 166 1453 ’
205 1453 254 1515 est
280 1468 338 1532 per
369 1466 404 1512 se
436 1450 559 1530 notum,
591 1447 652 1512 nisi
681 1445 768 1532 apud
795 1451 949 1528 negantes
979 1446 1120 1513 divinam
1149 1448 1322 1517 bonitatem

204 1550 360 1630 attingere
389 1567 544 1613 summum
570 1548 782 1632 perfectionis.
833 1549 883 1615 De
912 1548 1085 1616 intentione
1108 1549 1171 1616 Dei
1198 1556 1263 1634 est,
1292 1556 1323 1616 ut

170 1659 297 1717 bomne
319 1650 352 1714 in
373 1653 494 1714 tantum
517 1649 659 1714 divinam
675 1649 915 1717 similitudinem
930 1655 1155 1735 repraesentet,
1178 1652 1212 1716 in
1228 1671 1322 1735 quan-

204 1757 271 1817 tum
299 1751 428 1836 propria
454 1756 567 1815 natura
594 1752 736 1836 recipere
763 1756 879 1835 potest.
927 1753 1061 1835 Propter
1088 1751 1175 1834 quod
1207 1751 1323 1819 dictum

204 1859 266 1920 est:
295 1852 483 1936 „Faciamus
512 1852 672 1919 hominem
694 1851 737 1917 ad
758 1852 931 1935 imaginem
954 1859 986 1920 et
1007 1852 1250 1920 similitudinem
1271 1877 1322 1923 no-

203 1953 332 2022 stram.“
374 1955 468 2035 Quod
495 1955 585 2040 licet,
615 1955 678 2040 „ad
703 1953 914 2038 imaginem“‚
945 1954 1101 2022 derebus
1122 1955 1323 2022 inferioribus

203 2059 244 2123 ab
265 2056 392 2122 homine
414 2056 477 2123 dici
498 2077 561 2123 non
582 2057 692 2142 possit,
715 2056 778 2141 „ad
792 2054 1052 2122 similitudinem“
1067 2062 1175 2123 tamen
1191 2056 1233 2124 de
1250 2077 1322 2140 qua-

154 2170 184 2220 10
201 2159 281 2226 libet
296 2158 360 2224 dici
373 2163 492 2244 potest;
518 2178 614 2241 quum
628 2164 730 2225 totum
744 2159 927 2225 universum
940 2157 1020 2222 nihil
1043 2157 1132 2222 aliud
1154 2159 1206 2244 sit,
1229 2179 1323 2242 quam

203 2260 372 2341 vestigium
395 2259 556 2342 quoddam
578 2261 706 2327 divinae
730 2259 889 2326 bonitatis.
923 2259 1008 2341 Ergo
1027 2260 1201 2326 humanum
1223 2279 1323 2342 genus

202 2363 285 2428 bene
307 2382 341 2428 se
369 2361 481 2444 habet,
510 2367 542 2428 et
570 2362 704 2447 optime,
734 2361 860 2444 quando
889 2361 1062 2428 secundum
1092 2360 1179 2442 quod
1207 2368 1322 2447 potest,

202 2463 272 2530 Deo
294 2462 502 2529 adsimilatus.
537 2463 603 2530 Sed
623 2481 723 2544 genus
744 2462 916 2527 humanum
938 2462 1077 2528 maxime
1099 2463 1170 2528 Deo
1194 2462 1321 2529 adsimi-

201 2565 286 2630 latur
314 2563 441 2646 quando
470 2564 609 2631 maxime
632 2568 681 2631 est
703 2585 814 2648 unum3
844 2584 921 2631 vera
948 2563 1033 2630 enim
1060 2565 1142 2630 ratio
1170 2565 1265 2631 unius
1291 2566 1324 2631 in

153 2687 183 2736 15
202 2666 271 2733 solo
298 2666 356 2732 illo
386 2670 442 2732 est.
492 2666 626 2751 Propter
658 2665 743 2748 quod
775 2666 926 2751 scriptum
959 2671 1020 2731 est:
1053 2666 1174 2749 ‚,Audi‚
1205 2667 1320 2745 Israel,

201 2769 357 2836 Dominus
376 2769 466 2835 Deus
487 2772 559 2834 tuus
582 2787 662 2832 unus
686 2764 763 2834 est.“

288 2869 353 2937 Sed
378 2862 452 2935 turio
477 2889 576 2952 genus
605 2869 778 2934 humanum
805 2868 945 2934 maxime
976 2873 1024 2934 est
1052 2887 1164 2951 unum,
1194 2869 1322 2951 quando

202 2976 303 3038 totum
324 2971 430 3037 unitur
450 2971 484 3037 in
505 2992 577 3054 uno,
602 2970 687 3054 quod
709 2990 864 3038 essenon
885 2973 1006 3054 potest,
1031 2969 1092 3034 nisi
1116 2969 1245 3052 quando
1267 2972 1321 3036 uni

202 3071 341 3158 Principi
363 3072 503 3139 totaliter
527 3074 687 3159 subjacet,
715 3076 751 3138 ut
778 3071 819 3138 de
841 3091 877 3137 se
898 3074 996 3155 patet.
1040 3069 1125 3151 Ergo
1147 3071 1322 3139 humanum

150 3195 183 3245 20
201 3193 302 3256 genus
323 3173 377 3239 uni
391 3173 531 3258 Principi
553 3175 723 3260 subjacens
744 3173 884 3239 maxime
898 3172 969 3238 Deo
985 3170 1194 3256 adsimilatur,
1220 3180 1251 3241 et
1265 3195 1323 3260 per

219 3361 239 3392 ¹⁰
247 3358 316 3413 Edd.
326 3358 737 3430 odiprumpriccipiumetuoio.
814 3357 836 3391 ¹⁹
852 3357 885 3410 A.
910 3385 943 3395 -
966 3355 998 3408 F.
1017 3354 1050 3408 H.
1070 3355 1103 3408 V.
1128 3357 1272 3412 subiacens
1289 3387 1322 3398 ·-

201 3444 265 3513 Cap.
282 3443 355 3498 VIII.
394 3445 400 3475 ¹
419 3443 451 3496 F.
471 3442 508 3497 m
525 3460 603 3498 omne
620 3444 650 3499 id
670 3445 736 3501 bene
854 3440 923 3494 Edd.
942 3455 994 3493 rec,
1013 3440 1152 3494 subiaceat

235 3527 734 3583 ⁵HL-Mlemmm-
836 3522 1319 3595 'Mammmmmmmw

268 3619 323 3667 tum
341 3612 458 3667 divinam
476 3641 510 3650 -
532 3609 563 3662 F.
582 3617 614 3663 ut
629 3626 734 3664 omnem
853 3610 888 3665 ad
900 3609 1027 3682 principi
1042 3607 1131 3663 omnia
1143 3608 1279 3665 desuntin
1288 3610 1319 3664 L.

268 3696 733 3757 mmmaemmmwwm
851 3693 1320 3760 MPoeOEmwmmMm

267 3782 319 3836 dio.
335 3812 369 3822 -
385 3781 453 3837 Edd.
471 3787 502 3835 ct
520 3797 596 3835 omne
613 3786 732 3836 creatum
851 3779 957 3848 reliqua
966 3779 1056 3842 verba,
1072 3778 1320 3847 legunturinF.—

266 3867 319 3922 dio.
339 3898 371 3906 -
388 3868 445 3921 An:
470 3872 500 3919 ut
516 3882 595 3920 ornae
612 3872 732 3920 creatum
851 3865 890 3919 nil
906 3863 959 3918 nisi
975 3864 1118 3919 subiacens
1134 3862 1235 3917 hebent
1242 3863 1276 3916 H.
1284 3863 1317 3918 V.

267 3954 295 4007 in
314 3957 416 4007 tactum
435 3951 509 4006 dio?
850 3979 884 3988 —
902 3948 977 4004 Unus
995 3949 1028 4002 A.
1046 3946 1153 4003 exhibet
1171 3947 1262 4003 omnia

226 4035 790 4111 mmmmmffmdmmwmj

267 4121 341 4176 Dius
358 4136 430 4174 unus
523 4152 527 4161 -

270 4255 341 4325 Cap.
360 4255 443 4311 VIII.
480 4257 489 4288 ⁷
509 4255 656 4311 Genesis
678 4261 697 4308 l.
716 4271 740 4309 v.
760 4257 800 4308 26.
873 4256 894 4288 ¹⁵
911 4253 1100 4307 Deuteron.
1119 4256 1142 4306 θ.
1162 4270 1185 4305 ν.
1206 4258 1228 4306 4.
