2940 5040
205 355 264 415 140
453 356 586 411 DANTIS
604 356 822 412 MONARGHIA
839 356 888 410 ΙΙΙ.
906 355 935 410 0.
957 361 995 411 ro.
1015 362 1077 422 us.)

203 531 307 596 oleata
328 549 465 611 namque
488 530 606 594 veritas
628 536 677 594 est
699 530 874 612 questionis
896 529 992 611 illius,
1016 548 1079 609 qua
1098 530 1323 613 quaerebatur,

151 647 183 698 85
202 637 306 697 utrum
336 630 378 694 ad
408 632 487 697 bene
517 650 586 696 esse
621 631 730 695 mundi
765 631 978 697 necessarium
1014 635 1101 695 esset
1128 631 1323 698 Monarohae

202 733 362 801 officium?
393 753 432 798 aa
453 732 554 816 illius,
584 752 648 814 qua
678 734 903 815 quaerebatur,
932 753 973 796 an
999 733 1160 799 Romanus
1183 735 1324 818 populus

202 834 243 904 de
267 835 340 919 jure
368 835 538 917 Imperium
566 834 627 899 sibi
656 832 849 901 adsciverit?
886 855 944 900 nec
972 855 1034 900 non
1063 835 1149 899 illius
1177 835 1321 918 ultimae,

202 958 265 1018 qua
294 937 519 1020 quaerebatur,
549 956 590 1000 an
617 937 809 1001 Monarohae
839 936 1012 1002 auctoritas
1041 937 1167 1019 aDeo,
1198 938 1253 1001 vel
1280 938 1323 1002 ab

200 1040 265 1106 alio
294 1039 488 1123 dependeret
514 1037 720 1103 immediate?
759 1039 848 1118 Quae
879 1037 1006 1120 quidem
1041 1039 1158 1103 veritas
1188 1039 1322 1106 ultimae

149 1157 182 1207 90
201 1141 395 1223 quaestionis
417 1161 480 1205 non
501 1140 548 1205 sio
570 1140 677 1204 stricte
699 1139 882 1225 recipienda
905 1145 967 1222 est,
991 1144 1026 1204 ut
1047 1139 1208 1205 Romanus
1231 1141 1321 1205 Prin-

201 1263 276 1328 ceps
298 1243 331 1306 in
353 1242 461 1324 aliquo
484 1243 627 1307 Romano
649 1241 794 1308 Pontifici
822 1263 884 1307 non
906 1241 1087 1325 subjaceat,
1119 1261 1215 1323 quum
1238 1263 1321 1307 mor-

199 1345 274 1410 talis
302 1345 366 1409 ista
394 1344 530 1411 lelioitas
559 1344 793 1425 quodammodo
823 1342 866 1407 ad
894 1344 1104 1410 immortalem
1132 1343 1319 1410 felicitatem

200 1446 370 1512 ordinetur.
420 1446 482 1509 Illa
510 1445 607 1526 igitur
634 1446 813 1512 reverentia
841 1445 960 1511 Caesar
981 1450 1087 1510 utatur
1115 1444 1156 1507 ad
1180 1447 1320 1530 Petrum,

201 1567 265 1629 qua
285 1547 513 1630 primogenitus
534 1546 618 1611 filius
634 1547 730 1613 debet
744 1547 791 1611 uti
805 1547 848 1611 ad
862 1552 1000 1633 patrem,
1024 1552 1058 1610 ut
1080 1547 1150 1612 luce
1165 1553 1320 1630 paternae

149 1666 181 1716 95
200 1649 323 1731 gratiae
350 1648 541 1732 illustratus,
570 1649 741 1714 virtuosius
771 1649 878 1715 orbem
906 1654 1009 1714 terrae
1031 1647 1176 1731 irradiet,
1203 1649 1255 1713 eui
1276 1651 1321 1714 ab

200 1749 261 1814 Illo
284 1750 352 1815 solo
375 1749 553 1834 praefectus
576 1755 632 1834 est,
657 1750 710 1833 qui
733 1756 782 1816 est
797 1750 935 1816 omnium
957 1748 1167 1833 spiritualium
1191 1756 1223 1815 et
1238 1756 1316 1816 tem-

199 1851 357 1935 poralium
379 1852 579 1934 gubernator.

227 2002 249 2034 ⁸⁵
267 2003 295 2054 F.
313 2002 346 2054 Η.
364 2002 402 2055 Μ.
421 2002 451 2055 Ρ,
469 2000 502 2054 V.
523 2032 553 2039 -
576 2000 608 2053 L.
628 2004 655 2054 ct
673 2000 732 2054 edd.
852 2009 891 2055 est
908 2032 941 2038 —
952 2002 983 2054 F.
1002 2018 1057 2055 arou
1074 2004 1113 2057 sia
1130 2004 1223 2056 stricte
1242 2004 1318 2057 iutel-

266 2083 444 2139 Mouarabiae
462 2086 585 2156 officium
596 2101 655 2138 —a
672 2085 732 2139 cod.
853 2086 962 2157 lipenda
980 2096 1020 2140 est
1037 2118 1069 2124 —
1092 2087 1123 2140 Η.
1143 2104 1193 2142 uec
1210 2089 1250 2142 ria
1266 2093 1315 2141 str.

267 2171 299 2222 A.
336 2171 435 2224 absunt
474 2171 564 2225 omnia
604 2170 666 2223 inde
698 2171 732 2223 ab
852 2173 995 2243 rampart

266 2261 356 2308 atrum
375 2270 460 2323 usque
482 2256 516 2309 ad
539 2273 575 2309 aa
593 2255 733 2309 Romanas
812 2256 835 2290 ⁰³
852 2256 883 2309 F.
902 2256 957 2311 Illa
974 2272 1040 2327 erqo
1057 2257 1208 2310 reverentia

225 2340 246 2371 ⁸⁷
265 2340 298 2392 A.
317 2338 466 2411 lupariam
486 2341 540 2395 sibi
556 2341 733 2411 adquisiverit
810 2342 833 2374 ⁹⁵
850 2342 882 2394 F.
901 2343 931 2395 L.
951 2344 1000 2413 qui
1016 2343 1049 2396 ab
1068 2341 1114 2396 illo
1131 2341 1191 2394 solo

265 2456 299 2462 —
333 2425 367 2478 H.
396 2425 547 2479 Romanum
579 2426 649 2497 Imp.
681 2427 735 2481 sibi
809 2426 832 2459 ⁹⁶
850 2428 899 2496 qui
911 2426 1126 2481 estdesideratur
1142 2425 1171 2478 in
1190 2426 1318 2480 codPal.

265 2510 365 2565 {edraim
811 2513 834 2544 ⁰⁷
852 2512 883 2565 F.
902 2513 1090 2583 temporalium
1105 2511 1273 2583 areberuator
1290 2518 1318 2566 et

226 2595 248 2630 ⁸⁸
266 2596 298 2648 A.
317 2611 354 2648 au
370 2593 548 2650 llloaaradiae
566 2597 715 2649 auctoritas
850 2605 940 2652 rector
959 2629 987 2635 ω
1012 2598 1041 2650 P.
1061 2597 1251 2668 temporalium
1266 2614 1319 2668 aa·

225 2679 249 2712 ⁹⁰
266 2679 298 2732 A.
323 2696 378 2733 riou
402 2679 441 2733 sic
463 2681 555 2733 stricte
572 2681 732 2750 acamieuda
851 2683 993 2737 bernatore
1241 2671 1242 2675 ἵ

266 2833 289 2868 ⁹⁴
307 2831 347 2887 cf.
365 2832 506 2885 Aucroms
524 2832 665 2900 epistolam
677 2833 711 2887 ad
724 2848 801 2901 reges
815 2840 841 2888 et
853 2834 938 2903 princ.
952 2837 1024 2900 §102
1044 2836 1112 2900 „Hic
1123 2841 1171 2899 est,
1191 2850 1317 2903 quem...

198 2899 272 2954 Petri
290 2915 432 2954 successor
449 2901 509 2953 luce
527 2901 692 2969 apostolicae
710 2901 904 2956 benedictionis
922 2903 1066 2966 illuminat,
1091 2908 1132 2970 ut,
1155 2904 1202 2957 ubi
1223 2903 1319 2959 radius

197 2967 346 3038 spiritualis
365 2985 418 3022 non
437 2968 544 3030 sufficit,
563 2969 601 3021 ibi
619 2969 745 3037 splendor
762 2970 872 3024 nrinoris
888 2970 1027 3026 luminaris
1044 2971 1188 3025 illustret.“
