2940 5040
490 338 773 395 PROLEGOMENA.
1077 341 1196 396 XXXIX

74 512 230 603 babilius,
271 537 366 609 quam
402 514 434 583 iu
471 524 608 609 utroque
642 538 739 610 opere
775 514 911 585 eandem
946 512 1042 608 hujus
1078 514 1196 586 silentii

74 641 234 711 rationem
277 664 478 736 supponere:
518 651 664 737 tempora
705 642 827 713 scilicet
859 641 1116 737 Imperatorum,
1157 641 1197 712 de

74 768 172 839 rebus
198 767 316 838 ltalicis
345 767 424 838 nihil
452 768 703 859 curantium,3⁷)
733 769 880 840 nondum
909 768 1020 841 linital

175 895 212 965 ln
255 896 357 991 capite
400 895 495 965 tertio
539 894 610 965 libri
655 896 788 967 secundi
834 896 990 968 babemus
1030 905 1196 967 auctorem

78 1033 225 1095 nostrum
255 1023 435 1094 dicentem:
479 1020 645 1112 „Constat
672 1023 758 1118 quod
786 1023 902 1094 merito
929 1023 1055 1094 virtutis
1083 1023 1198 1093 nobili·

77 1161 186 1222 tantur
221 1150 387 1221 homines:
421 1149 547 1220 virtutis
574 1149 722 1221 videlicet
756 1153 921 1248 propriae,
947 1151 996 1221 vel
1023 1148 1195 1243 majorum.

77 1277 134 1349 Est
167 1276 256 1347 enim
291 1276 442 1347 nobilitas
468 1276 569 1347 virtus
606 1286 638 1346 et
665 1276 791 1347 divitiae
825 1278 985 1374 antiquae,
1007 1275 1097 1371 juxta
1124 1276 1199 1385 Plri-

76 1404 248 1501 losopbum
283 1403 315 1473 in
343 1402 487 1475 Politicis
514 1415 546 1474 et
574 1403 663 1498 juxta
691 1405 879 1476 Juvenalem
1000 1405 1088 1490 Quae
1115 1405 1197 1476 duae

75 1532 253 1603 sententiae
287 1530 325 1601 ad
362 1531 464 1602 duas
498 1532 749 1604 nobilitates
782 1532 910 1622 dantur,
937 1533 1101 1628 propriam
1138 1532 1199 1602 sci·

75 1658 166 1749 licet,
205 1668 238 1729 et
271 1656 464 1752 majorum.“
514 1659 581 1730 lam
618 1660 650 1730 in
686 1660 772 1731 notis
805 1659 843 1730 ad
877 1660 965 1730 hunc
998 1659 1106 1730 locum
1143 1658 1197 1729 de·

76 1784 346 1876 monstravimuS,
375 1785 512 1858 Dantem
530 1788 562 1858 in
581 1786 734 1859 Convivia
762 1810 902 1857 eorum
931 1786 1117 1882 opinionem
1146 1810 1198 1856 ve·

78 1913 248 1983 trementer
266 1913 471 2008 impugnare,
499 1915 553 2010 qui
573 1925 699 2010 praeter
715 1914 856 2011 propriis
876 1915 1000 1984 meritis
1020 1914 1196 2010 quaesitam

74 2040 226 2129 alteram,
267 2038 461 2110 hereditario
499 2038 572 2133 jure
613 2066 630 2112 a
664 2041 928 2137 progenitoribus
969 2041 1196 2112 transmissam

76 2167 275 2238 nobilitatem
295 2176 449 2237 statuunt.
502 2166 606 2251 Quam
626 2150 819 2240 sententiam
839 2169 871 2238 in
890 2168 1037 2239 versibus
1059 2166 1197 2240 Comoe-

75 2295 143 2364 diae
162 2317 179 2364 a
198 2292 292 2365 nobis
319 2293 466 2365 adductis
491 2294 602 2366 leviter
628 2295 823 2387 immutans,
851 2294 1075 2366 hereditariam
1107 2296 1197 2368 nobi·

74 2421 213 2511 litatem,
255 2421 318 2492 nisi
353 2422 481 2517 propria
526 2423 642 2493 virtute
676 2423 788 2494 sedulo
823 2421 1006 2517 adjuretur,
1039 2423 1078 2495 ad
1113 2425 1197 2495 nibi-

74 2548 140 2619 lum
169 2548 273 2643 redigi
306 2548 359 2619 ait.
410 2547 580 2619 Leviter
614 2549 701 2621 dico:
736 2550 899 2622 simillima
928 2552 1015 2623 enim
1043 2552 1082 2623 iis
1115 2577 1195 2648 quae

74 2675 227 2770 leguntur
253 2675 285 2745 in
303 2674 455 2746 Paradiso
483 2685 560 2746 sunt
593 2676 689 2748 verba
708 2675 853 2748 Convivii
881 2673 945 2776 (lv.
966 2673 1012 2775 7).
1057 2677 1197 2763 „Quelli

74 2802 131 2873 ebe
166 2801 223 2872 dol
253 2802 361 2897 padre
388 2825 406 2872 o
434 2803 477 2872 dc
504 2802 624 2874 otorano
658 2828 718 2875 suo
750 2805 918 2898 meppiam
947 2805 982 2874 di
1008 2805 1152 2876 ocbiotto
1179 2805 1195 2875 d

73 2928 266 3018 nobilitato,
302 2952 319 2998 e
352 2952 417 2999 non
448 2953 630 3024 persevero
657 2932 692 3000 in
718 2930 845 3025 quello,
881 2955 946 3002 non
973 2932 1196 3004 solonrcnted

73 3056 155 3142 vilo,
193 3081 247 3127 mo
273 3055 452 3142 vilissimo,
492 3080 508 3126 e
542 3058 646 3150 depno
673 3057 782 3150 d’opni
817 3057 959 3152 dispctto
987 3083 1004 3130 c
1031 3061 1195 3155 vituperio

72 3185 130 3278 pict
167 3184 225 3254 obe
259 3183 347 3254 altro
382 3183 542 3255 oillcno.“
587 3183 649 3268 Qui
677 3184 775 3278 igitur
803 3183 992 3256 Convivium
1030 3187 1128 3259 libros
1156 3188 1195 3259 de

73 3311 259 3384 llonarcbia
292 3312 507 3408 praecessisse
541 3310 670 3401 dicunt,
704 3311 865 3383 declinare
900 3324 1081 3409 nequeunt,
1116 3316 1194 3410 quin

73 3448 230 3529 statuant,
269 3437 407 3510 Dantem
436 3439 647 3530 sententiam,
685 3439 761 3509 olim
798 3440 1013 3512 severioribus
1039 3442 1145 3514 verbis
1177 3468 1195 3515 a

73 3591 106 3637 se
140 3564 312 3660 rejectam,
341 3576 371 3636 et
398 3565 431 3636 in
459 3565 628 3655 Paradiso‚
661 3565 746 3660 quod
781 3567 813 3638 in
851 3568 982 3640 ultimos
1008 3570 1090 3640 vitae
1117 3595 1194 3641 suae

73 3717 176 3764 annos
211 3692 311 3784 cadit,
348 3693 466 3788 pariter
500 3692 721 3788 reprobatam,
756 3695 863 3766 medio
900 3697 984 3767 inter
1020 3708 1193 3794 utrumque

73 3845 155 3918 opus
182 3832 346 3917 tempore,
373 3820 463 3915 quasi
490 3830 578 3890 extra
607 3823 859 3893 controversiam
889 3824 1042 3919 positam,
1070 3825 1194 3920 simpli·

72 3947 152 4019 citer
179 3947 360 4019 tradidisse.

173 4074 321 4146 Eandem
341 4074 498 4170 temporis
517 4076 781 4148 consecutionem
798 4076 905 4148 innuit
919 4078 1014 4148 etiam
1032 4078 1192 4151 factorum

157 4241 185 4307 37)
204 4238 318 4295 Convir.
337 4238 385 4292 IV.
404 4242 427 4303 3,
446 4238 507 4293 coll.
525 4238 637 4307 Purgat.
656 4237 703 4293 VI.
722 4246 763 4297 or.
