2940 5040
149 342 266 397 XLVIII
579 341 866 399 PROLEGOMENA.

149 517 287 589 Dantem
315 519 434 590 dixisse
460 519 643 590 arbitratur.
690 519 861 614 ingeniose
889 519 1037 615 quidern3
1064 518 1119 589 sed
1148 542 1271 608 vereor,

151 668 191 715 ne
218 646 378 736 subtiliuS,
405 670 500 741 quam
530 647 646 718 verius.
699 647 826 718 Eodem
854 647 943 717 enim
971 647 1042 717 loco
1070 646 1271 730 adversarios

151 773 233 865 illos,
252 797 474 845 corvorum
493 774 613 870 plumis
633 785 773 870 opertoS,
788 799 822 846 se
849 799 950 846 oves
977 773 1091 844 albas
1117 773 1151 844 in
1172 796 1271 868 grege

152 899 284 971 Domini
308 899 428 994 jactare
456 901 515 991 ait,
550 901 636 996 quod
666 912 751 972 certe
779 903 842 974 illis
870 900 1072 998 temporibus
1100 923 1166 970 non
1196 924 1273 971 con·

151 1027 253 1117 venit,
296 1027 413 1123 quibus
455 1028 603 1098 universa
642 1028 908 1100 Florentinorum
945 1029 1054 1099 civitas
1092 1027 1124 1097 in
1166 1038 1272 1121 partes

153 1155 370 1249 nigrorum
407 1165 439 1225 et
471 1154 662 1225 alborum
699 1166 768 1227 erat
800 1157 910 1228 divisa.
964 1155 1137 1251 Nunquam
1173 1157 1272 1246 enim,

152 1283 183 1353 in
212 1294 368 1379 quantum
397 1283 516 1373 sciam,
543 1284 664 1373 evenit,
700 1297 735 1354 ut
762 1285 841 1380 parti
870 1284 1085 1378 nigrorum
1115 1283 1273 1373 addictur,

152 1434 186 1480 se
222 1409 357 1480 album
399 1407 544 1502 jactaret.
608 1409 701 1494 Quod
746 1411 845 1506 igitur
882 1421 994 1481 contra
1040 1433 1101 1481 nos
1142 1411 1274 1483 adduxit

150 1546 380 1630 argumentum
413 1536 669 1608 humanissimus
703 1537 919 1630 adversarius,
946 1539 1043 1629 illud,
1072 1537 1134 1608 nisi
1163 1540 1272 1608 omnia

152 1686 203 1733 me
232 1662 356 1752 lallunt,
381 1685 440 1757 pro
468 1663 561 1734 nobis
588 1674 698 1734 certat.

252 1788 358 1860 Minus
386 1790 481 1861 etiam
509 1792 599 1862 alteri
626 1802 821 1886 argumento
849 1792 992 1863 dandum
1020 1816 1091 1862 esse
1117 1792 1272 1864 dixerim:

151 1914 245 1987 verba
283 1917 395 2012 capitis
433 1916 529 2014 primi
568 1918 600 1989 in
628 1897 720 1990 libro
761 1919 905 1990 secunde
941 1917 1095 2013 („gentes
1133 1920 1272 1991 tremere

151 2054 262 2115 contra
290 2042 431 2116 Romani
458 2045 568 2141 populi
596 2046 902 2140 praeeminentiam,
932 2046 1069 2142 populos
1096 2069 1176 2117 vana
1206 2070 1274 2117 me·

151 2171 254 2262 ditari,
270 2169 440 2268 Regesque
467 2183 499 2244 et
516 2173 682 2268 Principes
709 2173 742 2243 in
770 2197 808 2243 eo
824 2174 899 2243 vitio
926 2174 1135 2265 concordare,
1161 2183 1197 2244 ut
1219 2175 1274 2245 ad·

149 2310 319 2370 versentur
347 2299 488 2370 Domino
521 2323 598 2389 suo,
631 2311 664 2370 et
697 2301 793 2370 unico
827 2325 886 2371 suo
914 2299 1062 2371 Romano
1090 2300 1272 2396 Principi“)

152 2438 296 2523 tempora
323 2426 495 2498 Henrici
513 2425 590 2517 vlt,
616 2427 664 2497 vel
691 2427 871 2498 accuratius
898 2450 1003 2497 annos
1023 2426 1268 2499 1309-1311

151 2552 304 2624 indicare.
368 2553 403 2624 Si
441 2555 529 2624 enim
564 2553 641 2650 quid
676 2553 790 2645 video,
827 2555 905 2624 haec
938 2554 1064 2645 omnia,
1098 2567 1129 2626 et
1162 2554 1271 2650 pejora

152 2681 266 2772 etiam,
302 2681 424 2776 optime
467 2680 597 2776 quidem
638 2680 794 2751 cadebant
835 2682 866 2751 in
913 2693 1042 2778 tempus
1086 2706 1149 2777 quo
1188 2683 1286 2753 inter«

151 2807 384 2903 aldulphum
419 2817 451 2878 et
483 2807 699 2881 Albertum
734 2809 774 2878 de
810 2806 949 2904 Imperio
984 2809 1173 2899 certabatur,
1208 2833 1272 2905 quo

151 2933 318 3006 Eleeteres
342 2933 395 3028 jus
422 2933 589 3004 aulerendi
616 2935 654 3007 ab
679 2934 877 3031 Imperatore
899 2946 1063 3031 sceptrum
1091 2935 1153 3007 sibi
1181 2960 1274 3007 usur·

151 3062 287 3158 pabant;
312 3063 367 3133 sed
388 3062 438 3132 vix
466 3061 520 3133 ulli
549 3085 625 3133 aevo
645 3064 753 3135 minus
773 3063 1016 3153 conveniebant,
1035 3087 1130 3158 quam
1158 3064 1273 3158 primis

152 3188 213 3259 illis
251 3188 382 3259 Henrici
427 3189 538 3280 annis,
583 3192 716 3285 quibuS,
760 3201 833 3286 post
870 3200 1013 3285 pacatam
1053 3188 1274 3280 Germaniam,

151 3314 334 3411 filiumque,
377 3316 427 3386 vix
475 3317 648 3412 puberem,
698 3317 730 3387 in
773 3317 895 3410 regiam
944 3316 1116 3388 llolremiae
1161 3317 1272 3388 sedem

152 3452 308 3534 evectum,
327 3453 400 3539 post
418 3443 628 3516 concordiam
649 3467 723 3514 cum
743 3442 891 3539 Philippo
914 3442 1053 3514 Pulchro
1080 3444 1274 3534 restitutam,

152 3570 282 3665 auspice
301 3568 468 3642 Clemente
488 3570 523 3640 V.
550 3570 705 3642 Pontitice
726 3571 878 3662 maximo,
896 3595 912 3641 a
932 3570 1137 3664 magnatibus
1155 3570 1273 3642 Italicis

152 3696 326 3792 obsequio,
362 3698 388 3768 si
417 3721 482 3768 non
516 3697 664 3787 sineere,
698 3697 849 3768 simulato
884 3707 1010 3788 tamen,
1043 3697 1274 3789 consalutatus,

153 3826 248 3922 Alpes
284 3824 537 3897 transcenderat.
599 3824 679 3895 Tam
715 3824 867 3914 Taurini,
901 3848 997 3920 quam
1033 3825 1128 3895 astae
1163 3825 1273 3895 omnia

153 3976 344 4050 prosperum
389 3931 603 4048 expeditionis
648 3962 797 4023 eventum
844 3952 1034 4048 promittere
1071 3951 1272 4023 videbantur.

153 4078 250 4151 Primi
289 4080 452 4151 civitatum
487 4081 569 4150 altae
603 4079 709 4151 ltaliae
747 4090 873 4168 nictus,
908 4089 942 4148 ut
970 4077 1140 4150 Mediolani
1176 4089 1272 4175 atque

152 4205 349 4297 Cremonae,
376 4207 469 4278 lacile
496 4207 768 4302 reprimebantur.
822 4204 1065 4295 calamitatum,
1093 4229 1173 4301 quae
1203 4230 1274 4276 mu·
