2940 5040
459 353 594 409 DANTIS
612 351 838 411 MONARCHIA
855 356 889 410 ΙΙ.
910 355 937 412 C.
957 361 981 411 4.
1241 357 1281 417 49

161 528 296 594 electam
326 527 493 611 delapsum
520 527 635 610 fuisse,
673 528 814 593 Livius
846 528 878 592 in
901 530 1004 613 prima
1025 535 1116 612 parte
1138 534 1280 598 testatur.

161 629 259 713 Cujus
288 630 433 695 miraculi
455 629 638 695 Lucanus
666 630 699 694 in
727 649 810 695 nono
832 630 1019 695 Pharsaliae
1047 631 1205 717 meminit,
1235 633 1279 699 in·

159 731 344 798 credibilem
367 732 432 796 vim
454 731 567 814 austri,
598 751 693 813 quam
715 731 820 816 Libya
847 731 981 816 patitur,
1011 732 1056 797 ibi
1080 732 1278 819 describens3
1298 753 1330 804 25

158 833 203 897 ait
226 833 328 899 enim:

363 1027 368 1038 .
408 1026 413 1037 .
451 1027 456 1037 .
495 1026 500 1037 .
537 983 581 1037 Sic
600 982 646 1036 illa
664 983 785 1052 proiecto

365 1068 493 1123 Sacrifico
513 1067 634 1123 cecidere
651 1069 768 1132 Numae,
787 1084 856 1140 quae
872 1070 944 1122 lecta
958 1069 1087 1137 juventus

362 1153 481 1207 Patricia
499 1152 603 1207 cervice
619 1161 720 1222 movet;
740 1155 903 1225 spoliaverat
919 1153 1033 1219 Auster,

362 1239 419 1293 Aut
436 1238 538 1292 Boreas
556 1237 669 1305 populos
688 1236 787 1289 ancilia
805 1241 899 1292 nostra
916 1237 1043 1292 ferentes.
1298 1246 1330 1297 30

244 1377 411 1457 Quumque
434 1375 535 1458 Calli,
558 1374 680 1456 reliqua
702 1375 781 1440 urbe
799 1373 869 1457 jam
891 1380 1000 1459 capta,
1023 1375 1124 1442 noctis
1140 1377 1280 1443 tenebris

157 1476 281 1559 confisi,
312 1476 503 1561 Capitolium
523 1476 631 1541 firrtim
653 1476 808 1560 subirent,
838 1476 924 1559 quod
946 1478 1048 1543 solum
1071 1478 1214 1543 restabat
1236 1477 1280 1544 ad

159 1579 304 1644 ultimum
326 1578 487 1644 interitum
509 1577 644 1644 Romani
668 1577 805 1643 nominis
812 1627 819 1660 ,
849 1598 1010 1661 anserem,
1041 1579 1087 1643 ibi
1115 1600 1177 1646 non
1205 1585 1279 1648 ante

159 1681 277 1763 uisum,
308 1679 475 1763 cecinisse,
506 1680 617 1746 Gallos
646 1679 775 1762 adesse,
806 1684 901 1762 atque
931 1679 1079 1746 custodes
1107 1682 1150 1747 ad
1172 1681 1279 1748 defen-

159 1781 292 1848 sandum
323 1781 515 1866 Capitolium
544 1782 718 1864 excitasse,
752 1780 893 1847 Livius
928 1787 960 1849 et
987 1782 1078 1846 multi
1110 1781 1280 1868 scriptores
1298 1806 1329 1862 35

157 1885 297 1949 illustres
310 1883 506 1949 concorditer
521 1888 745 1949 contestantur.
780 1882 879 1966 Cujus
890 1884 935 1949 rci
948 1905 1067 1951 memor
1081 1883 1139 1948 fuit
1154 1885 1279 1950 Poeta

158 1991 279 2070 noster,
309 2004 405 2067 quum
428 1986 575 2070 clypeum
597 1985 726 2049 Aeneae
750 1983 944 2050 describeret
972 1985 1005 2049 in
1030 1991 1159 2068 octavo,
1192 1986 1279 2051 canit

156 2089 240 2155 enim
264 2088 325 2154 sic:

360 2238 392 2291 In
410 2251 512 2291 summo
531 2239 623 2290 custos
641 2235 776 2304 Tarpejae
793 2234 911 2289 Manlius
929 2234 1000 2288 arcis

362 2322 458 2376 Stabat
475 2336 525 2389 pro
543 2321 658 2388 templo,
677 2326 704 2373 et
722 2318 856 2388 Capitolia
874 2319 947 2374 celsa
965 2319 1086 2386 tenebat,
1296 2337 1329 2389 40

362 2407 547 2474 Romuleoque
564 2421 658 2460 recens
676 2406 804 2460 horrebat
820 2405 895 2472 regia
913 2405 1008 2458 culmo.

361 2492 451 2560 Atque
469 2490 512 2544 hic
530 2491 634 2544 auratis
653 2489 767 2544 volitans
785 2494 928 2557 argenteus
945 2503 1024 2543 anser

360 2575 524 2641 Porticibus,
544 2574 634 2629 Gallos
652 2576 680 2629 in
697 2575 787 2629 limine
806 2575 901 2630 adesse
920 2575 1044 2630 canebat.

240 2714 285 2779 At
312 2731 409 2795 quum
437 2713 582 2779 Romana
609 2713 775 2795 nobilitas,
811 2718 975 2796 premente
1004 2711 1201 2795 Hannibale,
1232 2711 1278 2778 sic

157 2815 300 2899 caderet,
325 2822 358 2879 ut
381 2814 424 2880 ad
445 2814 574 2881 finalem
591 2815 753 2880 Romanae
776 2814 822 2879 rei
845 2813 1038 2881 deletionem
1060 2833 1123 2878 non
1145 2818 1278 2880 restaret
1295 2831 1327 2881 45

157 2918 217 2983 nisi
239 2920 417 2984 Poenorum
439 2916 573 2981 insultus
588 2915 632 2981 ad
653 2917 778 2999 urbem,
802 2916 907 2981 subita
930 2921 962 2982 et
976 2915 1170 2981 intolerabili
1184 2936 1276 2999 gran-

183 3154 207 3186 ²⁰
224 3152 292 3206 Edd.
304 3152 421 3206 malcait
434 3153 565 3206 enimait:
585 3149 691 3206 Sicr'Ila
768 3154 791 3185 ³⁵
808 3151 840 3204 F.
861 3150 1062 3221 defendendum

183 3238 207 3270 ²⁸
224 3238 257 3290 A.
276 3237 308 3290 F.
326 3237 361 3290 H.
380 3237 410 3290 P.
430 3238 463 3290 V.
482 3235 624 3305 Sacrificio
827 3236 858 3290 F.
878 3237 1003 3293 incitasse

241 3321 276 3377 H.
294 3321 325 3375 L.
345 3321 374 3374 P.
396 3321 467 3375 lactu
480 3323 613 3392 juventus
771 3322 794 3354 ³⁶
811 3321 842 3374 F.
861 3326 1024 3376 attestantur

183 3406 207 3439 ²⁰
224 3406 256 3462 F.
275 3406 309 3459 Η.
328 3406 358 3459 L.
377 3406 407 3459 P.
429 3406 460 3459 V.
479 3407 561 3460 roovit
769 3405 793 3439 ³⁹
810 3409 842 3459 A.
861 3406 892 3459 F.
913 3406 943 3460 L.
964 3405 1066 3460 Mallus

242 3490 274 3543 F.
292 3491 451 3562 spoliaverit
769 3491 792 3524 ⁴⁵
809 3490 841 3543 F.
859 3489 1028 3545 dilectionem
1052 3521 1086 3528 -
1106 3490 1141 3546 A.
1159 3489 1275 3547 delecta·

185 3575 209 3608 ³³
227 3576 260 3629 A.
279 3576 401 3629 altiorum
421 3575 560 3628 introitum
582 3605 611 3611 —
627 3574 690 3628 alti·
813 3577 911 3629 tiortem
928 3606 962 3612 —
980 3576 1055 3629 Frat.
1071 3573 1246 3628 delectionem

226 3676 297 3713 mam
316 3675 369 3714 non
386 3660 502 3714 hahetur
519 3660 547 3713 in
565 3658 597 3713 F.
771 3661 794 3693 ⁴⁸
812 3661 842 3713 F.
861 3660 891 3713 P.
909 3660 998 3715 subita
1016 3658 1157 3715 intolerab.

242 3744 279 3798 M.
288 3760 346 3798 cos.
357 3746 465 3799 omnino
474 3749 537 3798 onte
544 3760 598 3798 noo
607 3744 692 3797 cirrum

227 3947 250 3980 ²³
267 3948 435 4002 Anciliorum
453 3948 486 4002 de
503 3947 578 4002 coelo
597 3947 768 4016 delapscrum
784 3947 924 4001 historiam
943 3962 997 4000 non
1015 3946 1111 4012 refert,
1136 3947 1184 4002 sed
1200 3951 1232 4002 ut
1249 3947 1277 4002 in

157 4015 275 4070 transitu
300 4017 386 4085 tangit
410 4017 509 4070 L1v1os
528 4015 548 4068 1.
574 4020 615 4069 70.
640 4020 664 4068 4.
692 4019 719 4069 et
735 4015 768 4069 V.
787 4020 828 4069 52.
847 4021 871 4068 7.
958 4016 980 4047 ²¹
1005 4015 1113 4068 Lucum
1134 4015 1278 4071 Pharsalia

158 4083 205 4137 IX.
224 4089 282 4139 477.
386 4085 526 4138 ³⁵L1v1cs
549 4083 581 4136 V.
606 4088 646 4136 47.
689 4083 729 4137 cf.
753 4085 894 4137 Aocroms
922 4082 1076 4138 Conuiuium
1092 4083 1139 4137 17.
1159 4090 1188 4138 5:
1213 4084 1277 4140 Non

152 4168 223 4223 pose
241 4151 322 4206 lddr'o
340 4153 365 4207 le
381 4155 456 4207 rnarrr'
480 4153 598 4222 rroprr'e,
617 4152 727 4221 quoodo
745 4153 767 4206 lr'
782 4150 962 4216 Francescbt,
989 4156 1058 4205 tretia
1082 4151 1169 4208 Roma
1185 4169 1277 4224 presa,

153 4221 316 4290 preodeooo
334 4221 364 4274 di
379 4169 531 4290 froaod'om
554 4220 697 4291 idoqlr'odr'
712 4225 793 4284 cotta,
812 4219 990 4274 acclamante
1008 4219 1109 4275 lovoce
1125 4220 1156 4276 co·
1171 4221 1277 4278 un'oca

157 4288 195 4359 fc)
214 4290 256 4345 cio
274 4291 392 4343 sentire?
496 4290 518 4323 ³⁷
561 4304 647 4346 ruem.
670 4288 768 4344 Aeneis
784 4288 857 4342 7111.
877 4291 934 4343 652.
1276 4300 1279 4307 ·

1058 4378 1074 4428 4
