2940 5040
422 323 557 381 DANTIS
575 321 825 381 MONARCHIAI
854 325 883 380 C.
905 329 944 378 ta.
963 327 1025 389 (17.)
1079 389 1081 402 Ι
1246 315 1284 377 31

167 499 241 564 boni
263 500 403 584 ponebat
432 516 542 581 unum,
573 521 613 566 ex
642 505 733 583 parte
756 517 831 564 vero
853 496 931 560 mali
952 494 1059 578 plura,
1090 498 1124 558 ut
1145 497 1234 578 patet
1255 492 1288 557 in

164 601 267 684 pn'mo
290 621 407 685 eorum,
431 620 513 683 quae
535 600 575 667 de
597 600 782 685 simpliciter
803 598 893 665 Ente.
937 597 1020 661 Hinc
1042 593 1145 661 videri
1170 600 1286 680 potest,

165 700 251 784 quod
272 723 407 786 peccare
428 703 508 767 nihil
530 707 578 768 θεῖ
604 701 707 784 aliud,
738 720 833 783 quam
860 697 1010 785 progredi
1032 699 1073 763 ab
1095 716 1158 763 uno
1180 702 1286 784 spreto

165 805 205 870 ad
228 808 345 890 multa;
370 804 457 886 quod
475 803 603 887 quidem
618 803 790 870 Psalmista
812 801 951 884 videbat,
973 798 1097 866 dicens:
1120 798 1170 883 „A
1183 799 1286 864 ductu
1305 811 1335 861 15

163 906 322 992 frumenti,
345 907 421 990 vini,
444 912 476 974 θῖ
497 907 560 973 olei
582 905 785 991 multiplicati
808 924 866 969 sun
881 903 908 969 “.

249 1009 382 1075 Constat
403 1008 508 1092 igitur,
532 1007 618 1090 quod
640 1028 732 1074 omne
755 1005 841 1088 quod
863 1010 912 1072 θεῖ
934 1006 1060 1088 bonum,
1082 1024 1140 1089 per
1155 1003 1216 1068 hoc
1237 1008 1287 1068 est

164 1111 291 1194 bonum,
309 1109 394 1191 quod
409 1111 441 1174 in
456 1130 519 1175 uno
534 1109 686 1176 consistit.
721 1108 764 1172 Et
780 1128 877 1190 quum
892 1106 1069 1190 concordia,
1084 1107 1118 1170 in
1133 1109 1286 1186 quantum

163 1212 354 1296 huiusmodi,
377 1216 426 1279 est
448 1211 609 1294 quoddam
631 1212 758 1294 bonum,
784 1210 984 1277 manifestum
1007 1214 1064 1292 est,
1086 1208 1189 1292 ipsam
1212 1227 1283 1272 con-

163 1317 275 1382 sistere
297 1317 330 1380 in
350 1315 458 1396 aliquo
474 1335 545 1398 uno,
573 1319 737 1394 tamquam
757 1313 789 1377 in
804 1313 933 1397 propria
948 1311 1064 1378 radice.
1109 1312 1199 1390 Quae
1214 1309 1283 1390 qui·
1302 1319 1335 1370 ao

163 1416 235 1483 dem
257 1416 350 1481 radix
372 1417 549 1502 apparebit,
573 1416 600 1481 si
621 1421 734 1480 natura
756 1415 810 1480 vel
832 1415 913 1480 ratio
929 1412 1117 1479 concordiae
1132 1415 1281 1476 sumatur.

161 1517 219 1583 Est
242 1520 327 1585 enim
342 1519 520 1599 concordia,
546 1519 706 1584 uniformis
728 1524 832 1584 motus
853 1516 990 1600 plurium
1012 1517 1227 1597 voluntatum,
1250 1513 1284 1577 in

163 1639 225 1701 qua
248 1621 376 1702 quidem
398 1621 519 1687 ratione
541 1626 691 1706 apparet,
714 1619 868 1687 unitatem
891 1619 1098 1700 voluntatum,
1123 1637 1204 1698 quae
1226 1635 1284 1698 per

161 1723 348 1790 uniformem
370 1728 488 1787 motum
516 1722 609 1787 datur
636 1721 788 1804 intelligi,
820 1720 1006 1787 concordiae
1034 1719 1173 1784 radicem
1202 1737 1282 1801 esse,

161 1826 213 1891 vel
236 1825 340 1908 ipsam
363 1824 572 1890 concordiam.
615 1825 700 1889 Nam
722 1824 802 1889 sicut
829 1823 939 1904 plures
967 1824 1079 1905 glebas
1105 1820 1282 1886 diceremus
1300 1829 1332 1879 23

162 1926 344 2011 concordes,
362 1931 491 2011 propter
506 1925 760 1992 condescendere
776 1943 884 1991 omnes
899 1922 942 1988 ad
956 1923 1105 2006 medium,
1129 1927 1160 1989 et
1174 1921 1282 2005 plures

160 2027 305 2095 flammas
333 2035 463 2114 propter
492 2026 702 2094 coascendere
732 2045 841 2093 omnes
864 2024 906 2089 ad
928 2024 1226 2105 circumferentiam,
1255 2022 1282 2086 si

160 2132 339 2200 voluntarie
355 2131 416 2197 hoc
429 2131 585 2214 facerent;
608 2131 653 2194 ita
669 2129 813 2195 homines
828 2129 936 2213 plures
952 2127 1122 2193 concordes
1138 2124 1280 2205 dicimus,

158 2243 289 2320 propter
316 2233 409 2299 simul
438 2233 559 2298 moveri
588 2231 760 2297 secundum
788 2230 873 2294 velle
902 2228 945 2292 ad
972 2248 1083 2311 unum,
1119 2226 1204 2310 quod
1232 2229 1281 2290 est

158 2337 331 2403 formaliter
352 2335 385 2399 in
407 2335 472 2400 suis
495 2334 727 2415 voluntatibus,
757 2332 838 2397 sicut
861 2333 999 2414 qualitas
1021 2352 1084 2397 una
1105 2328 1279 2395 formaliter
1296 2337 1329 2388 30

157 2437 190 2502 in
210 2438 324 2520 glebis,
348 2437 469 2502 scilicet
484 2437 634 2518 gravitas,
658 2439 689 2501 et
711 2455 774 2499 una
795 2435 827 2499 in
849 2435 994 2518 flammis,
1018 2435 1139 2500 scilicet
1154 2431 1277 2498 levitas.

158 2538 243 2604 Nam
266 2539 366 2604 virtus
389 2539 531 2620 volitiva,
554 2536 697 2623 potentia
719 2536 877 2619 quaedam
900 2544 962 2621 est;
986 2536 1043 2604 sed
1059 2535 1182 2621 species
1205 2531 1279 2597 boni

159 2640 360 2726 apprehensi,
376 2639 477 2707 forma
492 2644 540 2706 est
555 2640 631 2721 eius,
649 2659 731 2720 quae
744 2638 872 2720 quidem
884 2639 993 2722 forma,
1011 2632 1278 2720 quemadmodum

158 2747 189 2808 et
210 2742 305 2826 aliae,
331 2762 395 2806 una
416 2742 449 2806 in
471 2761 506 2807 se
528 2741 764 2824 multiplicatur,
789 2740 961 2805 secundum
982 2738 1277 2824 multiplicationem

157 2844 310 2910 materiae
332 2843 528 2929 recipientis,
558 2846 593 2906 ut
615 2841 722 2906 anima
743 2848 775 2907 et
797 2861 962 2926 numerus,
991 2846 1023 2907 et
1050 2842 1134 2908 aliae
1156 2839 1276 2906 formae
1294 2845 1327 2896 35

159 2946 380 3032 compositioni
403 2944 626 3026 contingentes.

184 3063 204 3096 ¹²
221 3054 345 3116 H.‘M.P.
356 3061 389 3114 V.
400 3078 437 3116 ear
450 3067 610 3132 portavero
626 3059 693 3114 mali
769 3060 792 3092 ²²
810 3060 842 3112 H.
861 3060 891 3113 P.
910 3058 1037 3127 informis
1055 3065 1142 3114 motor

216 3147 329 3218 plurale
768 3145 790 3179 ²¹
808 3144 841 3197 H.
860 3144 890 3197 P.
903 3161 958 3215 per
976 3146 1119 3215 informem
1137 3151 1237 3197 motam

183 3233 202 3264 ¹³
220 3234 253 3285 A.
272 3231 303 3285 F.
321 3231 352 3284 V.
371 3229 588 3285 attractaret
766 3231 789 3264 ²⁷
806 3231 837 3283 F.
856 3230 885 3282 P.
903 3231 1043 3286 coareend.
1061 3231 1099 3285 ad
1114 3229 1240 3299 eiraanrf.

184 3319 204 3351 ¹⁵
221 3317 252 3370 P.
267 3316 341 3388 qarod
362 3315 469 3385 quidem
487 3316 602 3387 spiritur
767 3315 791 3347 ²²
808 3315 838 3368 P.
853 3321 972 3387 propter
988 3316 1073 3370 simile
1091 3317 1193 3369 raonem

222 3401 290 3456 Edd.
310 3400 410 3455 Psalra.
430 3402 495 3456 bene
512 3401 564 3455 oid.
824 3399 1275 3469 sectandamvellenonlegiturinF.

185 3488 205 3520 ¹⁷
223 3487 256 3539 H.
277 3486 387 3542 Corratat
403 3502 478 3558 erpo,
766 3485 789 3517 ³⁰
806 3484 875 3539 Edd.
889 3485 1046 3555 formaliter
1060 3485 1275 3540 irrvoluatatr'bas

183 3572 204 3605 ¹⁸
221 3571 252 3624 F.
279 3571 425 3627 eorreordia
451 3572 530 3624 ettam
557 3577 687 3640 quantum
807 3570 1002 3641 -P.qar'dem
1016 3570 1139 3639 formio
1154 3571 1273 3625 salevel.

219 3655 301 3710 anas
315 3655 349 3723 fit
364 3653 500 3726 quoddam
822 3655 853 3707 F.
871 3657 942 3710 sieut
958 3657 1080 3727 pravitas
1097 3671 1152 3708 arra

182 3739 202 3772 ¹²
219 3739 289 3792 Edd.
308 3757 368 3794 eam
386 3741 531 3796 eorrre'rtere
765 3741 787 3773 ³²
804 3741 836 3794 A.
857 3743 942 3795 virtus
959 3741 1096 3796 oolrrntioa

179 3825 201 3857 ²¹
218 3824 251 3877 F.
270 3826 296 3878 ri
313 3829 412 3878 actara
430 3824 472 3879 eet
487 3825 573 3880 radix
763 3826 786 3858 ³³
804 3826 834 3880 F.
853 3832 880 3880 et
896 3827 967 3880 celtae
984 3826 1115 3880 materiae

222 3925 243 3958 ¹³
260 3924 362 3980 Ibidem
379 3926 398 3979 Ι.
417 3931 441 3979 5.
477 3925 511 3980 cf.
531 3927 674 3999 Aucroars
686 3925 840 3981 Conuiuium
858 3928 890 3981 Π.
912 3933 948 3981 lt.
974 3927 1138 3996 „Pittaporo
1154 3924 1271 3997 secondo

153 3992 199 4048 ebe
217 3992 276 4047 dier
293 3995 433 4048 Aristotele
449 3996 495 4048 aot
505 3996 599 4064 primo
616 3995 687 4049 delta
705 3995 810 4060 distas,
823 4013 933 4067 porreta
952 3997 963 4050 t
973 3997 1110 4066 prr'ner'pr'i
1123 3994 1193 4049 delle
1210 4009 1272 4047 cose

152 4061 274 4115 naturali
291 4061 317 4115 lo
330 4064 429 4132 parte
449 4062 474 4115 to
498 4064 605 4134 dispari
672 4065 693 4097 ¹⁵
710 4063 754 4117 Ps.
774 4069 797 4116 t.
816 4081 839 4117 v.
858 4068 881 4117 8.
952 4066 975 4098 ³³
993 4065 1104 4128 Anima,
1129 4077 1184 4116 una
1200 4061 1228 4114 in
1241 4075 1270 4116 se

151 4129 352 4197 multiplicatur,
364 4133 404 4184 est
414 4130 484 4184 enim
493 4131 649 4199 vegetativa,
661 4132 795 4195 sensitiva,
811 4132 852 4186 vel
860 4131 1009 4187 rationalis.
1045 4134 1086 4186 lta
1098 4138 1125 4186 et
1134 4145 1269 4194 numerus,

149 4213 217 4252 unus
236 4197 325 4277 inse,
350 4213 373 4253 e.
386 4214 431 4321 (pr.
455 4198 594 4266 denarius,
626 4199 819 4267 multiplicatur
848 4201 995 4256 secundum
1023 4198 1271 4270 multiplicationem

149 4271 285 4331 materiae,
303 4272 369 4336 puta
405 4283 478 4322 ecem
496 4283 577 4335 asses,
596 4270 636 4323 vel
654 4268 745 4324 decem
763 4283 867 4323 aureos.
