2940 5040
284 340 344 401 106
575 341 709 396 DANTIS
727 342 945 398 MONARCHIA
962 343 1009 398 111.
1028 343 1057 398 C.
1076 347 1099 399 6.

282 515 411 583 Domini
434 535 634 600 expressum,
663 516 724 582 hoe
748 515 832 582 fecit.
882 514 976 596 Quod
1002 522 1107 600 patet,
1138 517 1213 598 quia
1243 517 1399 601 quidquid

235 635 264 684 rs
282 619 370 685 Deus
393 616 489 700 dixit,
511 617 572 683 hoo
593 617 668 683 feeit
691 617 809 700 solum,
832 622 864 682 et
885 617 946 683 hoc
968 619 1083 685 retulit.

366 718 458 786 Unde
480 719 651 802 sciendum,
675 717 762 800 quod
782 717 872 783 aliud
894 726 942 784 est
964 739 1037 786 esse
1059 720 1222 805 vicarium,
1245 721 1338 787 aliud
1352 728 1399 789 est

281 842 351 889 esse
371 821 518 887 nuncium
540 821 608 887 sive
630 820 822 903 ministrum3
846 820 927 885 sicut
948 820 1038 887 aliud
1060 829 1107 889 est
1130 842 1200 889 esse
1225 821 1398 909 doctorem,

282 923 370 989 aliud
392 928 531 990 estesse
554 923 766 1007 interpretem.
811 924 894 988 Nam
923 922 1103 988 vicarius
1132 929 1194 1007 est,
1226 925 1276 990 oui
1303 946 1397 1010 ers-

280 1025 470 1093 dictionum
492 1024 563 1106 lege
579 1025 632 1091 vel
648 1045 717 1089 oum
739 1025 870 1091 arbitrio
887 1025 1055 1090 commissa
1078 1031 1140 1108 est;
1165 1030 1197 1091 et
1217 1025 1293 1093 ideo
1316 1027 1398 1093 intra

230 1141 262 1192 20
279 1128 430 1194 terminos
456 1126 687 1211 jurisdictionis
716 1127 901 1193 commissae
931 1125 972 1192 de
1004 1127 1077 1207 lege
1106 1127 1159 1193 vel
1194 1125 1235 1192 de
1264 1128 1398 1196 arbitrio

278 1234 384 1315 potest
411 1247 508 1310 cgere
536 1227 619 1293 circa
647 1229 784 1312 aliquid,
818 1227 904 1310 quod
933 1226 1079 1295 dominus
1109 1228 1235 1295 omnino
1261 1230 1395 1312 ignorat.

276 1330 458 1398 Nuncius
481 1335 588 1396 autem
609 1351 671 1396 non
685 1336 800 1416 potest,
823 1331 1022 1411 inquantum
1036 1331 1182 1414 nuncium
1210 1330 1269 1398 sed
1288 1351 1395 1414 quem-

278 1432 452 1500 admodum
487 1433 622 1498 malleus
657 1432 690 1496 in
725 1433 795 1498 sola
829 1431 945 1499 virtute
974 1433 1056 1498 fabri
1080 1424 1254 1518 operatur,
1288 1433 1337 1499 sic
1367 1439 1397 1500 ct

279 1535 411 1600 nuncius
437 1533 471 1597 in
500 1535 569 1600 solo
591 1533 721 1600 arbitrio
745 1534 828 1618 εἰπε,
859 1535 913 1617 qui
941 1535 1038 1599 mittit
1058 1535 1157 1599 illum.
1202 1534 1277 1600 Non
1299 1534 1397 1616 igitur

229 1652 260 1704 25
279 1635 434 1719 sequitur,
464 1634 492 1699 si
519 1636 607 1700 Deus
634 1656 692 1720 per
718 1636 865 1701 nuncium
895 1635 1077 1703 Samuelem
1105 1636 1278 1720 fecithoc,
1310 1636 1398 1718 quod

278 1736 414 1802 vicarius
429 1736 492 1802 Dei
514 1737 575 1803 hoc
596 1737 700 1803 faeere
715 1738 824 1821 possit.
862 1739 963 1803 Multa
978 1738 1062 1804 enim
1076 1738 1165 1804 Deus
1180 1756 1238 1821 per
1253 1738 1395 1819 Angelos

277 1838 367 1922 fecit,
391 1838 520 1905 etfacit
542 1839 733 1905 etfacturus
756 1845 820 1923 est,
844 1859 925 1921 quae
948 1840 1085 1906 vicarius
1107 1839 1185 1922 Dei,
1216 1839 1305 1906 Petri
1327 1859 1394 1906 suc-

279 1960 398 2024 cessor,
421 1941 526 2006 facere
548 1961 610 2006 non
631 1945 748 2025 posset.

361 2041 455 2109 Unde
476 2046 696 2122 argumentum
723 2042 856 2109 istorum
884 2049 932 2110 est
954 2064 974 2108 a
999 2048 1065 2110 toto
1088 2042 1131 2108 ad
1152 2047 1291 2127 partem,
1324 2063 1394 2108 con·

305 2280 326 2310 ¹⁴
343 2278 376 2331 V.
395 2278 448 2332 Dei
463 2278 707 2348 repressum—H.
724 2279 809 2333 allec
887 2280 910 2312 ²⁸
927 2279 959 2332 F.
976 2279 1052 2333 H.L.
1063 2279 1135 2334 P.V.
1147 2276 1298 2346 -Reliqui
1315 2295 1394 2334 ruane.

343 2379 502 2434 expressum
927 2361 986 2414 solo
1003 2362 1116 2416 arbitrio

360 2448 399 2501 M.
417 2452 504 2518 patet.
529 2447 604 2517 quod
628 2445 759 2516 quicquid
776 2477 808 2485 —
944 2446 975 2499 F.
994 2446 1028 2498 H.
1048 2445 1111 2500 Non
1128 2463 1193 2518 erqo

342 2533 374 2586 F.
393 2532 424 2585 V.
438 2536 525 2602 patet,
544 2530 675 2600 quicquid
885 2531 908 2565 ²⁸
925 2530 962 2583 M.
982 2533 1032 2586 lucc
1047 2532 1144 2601 facere
1155 2537 1251 2602 posset
1275 2563 1306 2572 -
1326 2532 1395 2588 Edd.

305 2618 325 2650 ¹⁷
343 2616 376 2669 H.
395 2617 508 2669 ministr.
528 2617 568 2670 εἰσ
584 2615 661 2670 aliud
677 2621 717 2669 est
927 2615 978 2670 leco
1007 2616 1103 2685 facere
1134 2619 1226 2687 possit
1260 2617 1394 2672 similiter.

304 2703 325 2736 ¹⁸
338 2703 369 2756 P.
388 2717 446 2755 σεεσ
463 2702 690 2770 interemptem-
701 2700 733 2753 F.
752 2716 809 2754 esse
926 2700 1052 2754 Ultimam
1078 2716 1170 2755 vocem
1201 2717 1289 2770 neque
1316 2702 1392 2756 codd.

342 2789 560 2857 interemptorem
586 2816 620 2825 -
646 2786 678 2838 In
703 2784 806 2840 Veneto
925 2789 1087 2852 agnoscunt,
1107 2800 1193 2854 neque
1210 2785 1333 2841 Ficinus.

341 2872 438 2940 legitur
460 2886 508 2939 per
535 2871 727 2925 correctionem
750 2886 808 2924 esse
884 2871 908 2902 m
923 2870 1019 2939 faeere
1036 2877 1209 2941 coeperest,
1228 2871 1302 2940 quod
1320 2872 1392 2926 exhi-

342 2958 522 3027 r'merpretem
547 2955 612 3025 quid
635 2970 697 3010 vero
721 2956 807 3023 prima
925 2955 990 3008 bent
1007 2955 1119 3010 Tunius
1137 2960 1164 3010 et
1180 2957 1291 3022 Fratic.‚
1312 2959 1393 3014 habet

341 3056 423 3094 manu
441 3042 570 3110 scriptum
585 3040 674 3105 fuerit,
688 3040 806 3094 divinare
906 3072 908 3074 ψ
925 3040 963 3092 Μ.
978 3042 1006 3092 et
1022 3039 1150 3095 habuisse
1158 3041 1263 3096 videtur
1271 3042 1392 3109 Fidum,

341 3143 396 3181 non
413 3126 497 3194 potui.
925 3125 1044 3193 nihilque
1057 3124 1167 3193 impedit
1183 3128 1327 3195 quominus
1345 3130 1391 3183 ab·

303 3212 324 3244 ¹⁹
341 3211 372 3264 F.
391 3228 451 3266 cum
470 3211 529 3280 leqe
545 3210 589 3264 uel
605 3210 717 3264 arbitrio
924 3209 1117 3264 breviationem
1152 3212 1251 3266 codicis
1287 3213 1321 3267 Η.
1354 3215 1393 3268 ita

299 3297 322 3329 ²¹
341 3296 373 3350 F.
399 3296 428 3349 Ρ.
456 3313 539 3365 aqerc
565 3301 661 3350 contra
692 3295 806 3366 aliquid,
925 3294 1140 3362 interpretemur.
1182 3295 1391 3353 Praeferendam

342 3380 414 3449 quod
431 3386 458 3434 et
469 3381 501 3434 V.
514 3380 576 3435 olim
594 3381 721 3435 habuisse
733 3379 804 3435 vide·
924 3384 1014 3432 tamen
1048 3379 1208 3434 credidimus
1248 3382 1392 3438 lectionem

340 3471 437 3518 tur-
453 3467 486 3519 A.
504 3481 586 3535 aqcre
603 3465 708 3535 aliquid
924 3465 1032 3532 reliquis
1059 3465 1196 3519 codicibus
1220 3467 1391 3536 antiquisque

299 3552 323 3584 ²³
339 3552 372 3603 A.
382 3550 415 3603 V.
434 3555 572 3620 operatur,
589 3551 629 3604 εἰσ
644 3551 804 3604 rturrcr'us-
852 3573 857 3583 ¹
925 3549 998 3604 editt.
1019 3565 1194 3604 communem.

340 3635 372 3688 F.
392 3635 588 3705 castrellum
606 3650 684 3688 ranno.
883 3634 906 3667 ²⁹
923 3634 955 3687 F.
974 3640 1014 3688 est
1031 3634 1064 3687 de
1082 3641 1138 3688 toto

343 3841 365 3872 ¹⁸
383 3837 483 3892 Similia
503 3838 628 3906 leguntur
653 3837 681 3890 in
706 3836 831 3892 Glossa
859 3838 1044 3892 ordinaria
1065 3839 1212 3892 Banasam
1229 3839 1389 3894 Parmensis

273 3909 307 3963 ad
330 3906 485 3962 Decretales
508 3906 628 3974 Gregorii
651 3906 699 3958 IX.
726 3906 785 3986 Lib..
803 3906 825 3958 I.
849 3905 902 3959 Tit.
917 3911 962 3986 ,²⁸5
986 3921 1044 3973 cup.
1058 3913 1086 3986 .5·
1132 3907 1276 3988 ‚3Vicarius
1299 3908 1389 3963 omnis

272 3975 617 4099 gotlesatiaqgaclrlquffitssnent
634 3974 668 4028 ad
682 3974 898 4042 jurisdictronem
915 3975 1001 4039 dhus,
1021 3990 1098 4043 quus
1117 3990 1202 4030 ricem
1218 3979 1315 4043 gemt.“

575 4127 615 4181 Lo
633 4135 704 4181 moto
722 4144 737 4180 e
755 4128 781 4181 lc
799 4128 870 4181 oirtrl
888 4127 934 4181 dei
948 4129 1021 4181 santi
1036 4129 1104 4199 qim',

527 4195 604 4250 Come
622 4196 670 4249 dal
684 4196 785 4265 fuhbro
803 4195 879 4249 larte
896 4195 941 4250 det
957 4198 1095 4261 ruortello,

524 4263 581 4318 aar·
597 4264 669 4318 beati
684 4271 772 4318 erector
789 4266 901 4318 corariam
918 4262 967 4318 olle
983 4267 1059 4334 spiri.
