2940 5040
462 1310 619 1392 LIBRI
643 1309 876 1392 OCCASIO
899 1311 971 1392 ET
993 1311 1149 1393 FINIS.

725 1508 878 1519 ——d

346 1669 519 1740 Pontifices
544 1668 720 1760 Romanos,
747 1695 927 1767 eorumque
954 1681 1213 1767 propugnatores
1241 1672 1316 1743 inde
1343 1697 1361 1743 a

242 1796 447 1894 temporibus
467 1795 616 1891 Gregorii
629 1795 695 1866 Vll.
715 1807 842 1892 praeter
861 1798 1059 1894 spiritualem
1079 1822 1243 1871 summam
1263 1799 1358 1870 ctiam

244 1927 278 1998 in
306 1924 539 2021 temporalibus
565 1933 757 2019 potestatem
772 1923 947 2016 Ecclesiae,
973 1926 1021 1997 vel
1048 1936 1081 1996 ut
1106 1927 1226 1997 rectius
1254 1926 1360 1998 dicam

243 2053 363 2150 Papae,
388 2051 583 2141 vindicasse,
619 2061 694 2122 nota
721 2075 773 2123 res
796 2064 854 2123 est.
907 2051 1011 2147 Hujus
1038 2054 1275 2150 usurpationis,
1317 2077 1359 2125 ne

245 2180 340 2252 bodie
358 2179 490 2276 quidem
510 2179 695 2270 exstinctae,
722 2178 910 2275 specimina,
936 2181 1172 2276 praecaeteris
1199 2180 1362 2270 notabilia,

244 2318 399 2402 leguntur
432 2307 465 2377 in
501 2305 727 2400 compluribus
760 2305 918 2402 Paparum
962 2307 1107 2403 epistolis
1134 2307 1361 2399 decretalibus,

244 2434 348 2507 tribus
366 2443 442 2531 puta
460 2432 640 2505 lunceentii
659 2430 717 2502 lll:
735 2431 875 2522 „Solitac
893 2432 1122 2528 benignitatis“
1141 2435 1229 2524 (anni
1251 2435 1360 2506 1200.

244 2560 322 2658 Cap.
352 2560 385 2632 6.
419 2559 458 2630 X.
493 2558 541 2629 lle
567 2557 744 2651 Majoritate
777 2569 809 2629 et
842 2559 1023 2632 obedientia
1051 2559 1073 2630 l.
1110 2561 1199 2651 33),
1236 2561 1361 2652 „Vene-

244 2689 400 2761 rabilem“
433 2686 522 2777 launi
553 2684 659 2756 1201.
703 2684 779 2780 Cap.
809 2686 868 2757 34.
902 2685 940 2757 X.
975 2686 1023 2757 lle
1050 2686 1215 2759 illectione
1243 2686 1266 2757 l.
1303 2688 1361 2781 0.),

245 2828 276 2887 ct
302 2815 418 2907 „Novit
444 2812 674 2900 ἰΙΙο““(1204.
713 2810 791 2909 Cap.
821 2813 877 2884 13.
914 2813 952 2884 X.
991 2812 1038 2884 lle
1065 2813 1200 2886 Judiciis
1227 2814 1264 2886 ll.
1304 2815 1360 2906 1.),

245 2966 309 3014 una
337 2940 518 3013 lunceentii
545 2938 605 3011 lV:
640 2940 712 3030 „Ad
739 2940 954 3035 apostolicae“
980 2936 1107 3039 (1245.
1135 2941 1212 3038 Cap.
1242 2943 1276 3013 2.
1312 2943 1359 3014 lle

245 3068 404 3141 sententia
439 3077 470 3138 et
505 3091 539 3138 rc
562 3065 632 3160 jud.
670 3065 707 3138 ln
735 3066 843 3138 Sexto.
880 3067 916 3138 ll.
949 3068 1017 3160 14.)
1053 3079 1084 3138 et
1111 3068 1235 3142 duabus
1264 3068 1361 3139 boni·

246 3197 319 3268 lucii
345 3193 415 3266 Vlll
448 3192 605 3286 „Clericis
640 3194 757 3265 laiecs“
782 3190 907 3293 (1290.
943 3193 1020 3291 Cap.
1050 3194 1083 3266 3.
1126 3195 1173 3266 [le
1203 3196 1361 3267 lmmuni·

244 3333 307 3395 tate
335 3321 497 3394 ecclesiar.
524 3321 601 3394 ibid.
635 3320 687 3393 lll.
721 3319 783 3419 23)
811 3332 844 3393 ct
874 3321 1000 3412 „Unam
1036 3327 1200 3397 sanotam“
1234 3318 1359 3421 (1302.

245 3450 322 3547 Cap.
355 3449 385 3522 l.
421 3447 660 3543 Extravagantt.
688 3473 809 3520 comm.
834 3449 881 3520 lic
909 3447 1044 3543 Majorit.
1071 3461 1102 3520 et
1129 3451 1222 3523 obed.
1256 3451 1280 3522 l.
1310 3447 1359 3550 8.)

347 3578 459 3672 Neque
493 3576 684 3666 defuerunt,
721 3577 774 3672 qui
809 3578 927 3672 privata
961 3578 1152 3649 auctoritate
1179 3580 1358 3651 scribentes

245 3705 362 3778 similia
410 3715 603 3795 statuerent,
650 3716 686 3775 ut
732 3705 762 3774 b.
803 3703 1011 3776 bernhardus
1052 3701 1361 3803 Glarevallensisffl),

244 3835 276 3907 b.
310 3832 453 3905 Thomas
486 3831 648 3926 Aquinas,
685 3829 877 3927 Speculator
918 3830 1074 3904 Sucvicus
1115 3834 1183 3904 rel.
1224 3833 1356 3907 Nullum

329 4099 357 4162 ¹⁹)
374 4096 448 4152 Libri
459 4097 578 4166 quinque
587 4096 622 4151 de
631 4097 856 4153 consideratione
865 4098 900 4152 ad
910 4098 1063 4166 Eugenium
1081 4098 1127 4152 ΙΙΙ.
1148 4097 1257 4166 Papam.
1277 4097 1359 4164 Apud

245 4188 402 4248 (toldcst.
438 4190 593 4246 ldouarcbia
611 4190 637 4244 S.
656 4191 772 4246 Romani
790 4190 904 4260 Imperii.
931 4190 966 4245 11.
995 4195 1104 4246 68-86.
1142 4246 1146 4252 ,
