2940 5040
152 336 272 390 XXVIII
583 334 866 392 Pnoundouuuu.

206 509 287 602 „Dei
322 512 425 604 iilius,
460 513 593 584 humani
621 512 751 606 generis
780 522 926 582 naturam
954 534 1124 582 assumens
1146 565 1269 580 .....

206 638 451 711 Ecclesiasticae
487 639 655 734 potestatis
689 637 893 710 altitudinem
927 661 1005 709 suos
1032 638 1143 710 fideles
1170 640 1269 712 latere

207 767 329 856 noluit,
348 744 506 863 quinimo,
524 777 688 862 tamquam
709 787 808 860 super
824 774 948 860 petram
969 764 1147 857 fundatam,
1164 767 1269 862 ipsam

206 918 277 966 esse
310 917 409 989 supra
442 917 575 965 omnem
610 893 827 992 principatum
862 903 894 962 et
926 903 1139 988 potestatem,
1171 906 1207 965 ut
1240 896 1269 967 ei

205 1045 310 1116 genua
356 1030 470 1092 cuncta
518 1029 694 1092 curventur
736 1019 948 1110 coelestium,
991 1022 1195 1092 terrestrium
1237 1035 1270 1093 et

205 1149 433 1239 infernorum,
459 1146 565 1218 verbis
591 1146 806 1244 apertissimis
833 1146 1013 1218 declaravit.
1058 1147 1150 1220 Unde
1178 1174 1271 1222 error

184 1253 264 1367 est,
289 1286 325 1346 ut
350 1282 439 1370 putc,
465 1275 621 1370 pertinaci
648 1270 713 1372 (si)
741 1273 843 1345 menti
867 1268 943 1372 (sd),
969 1298 1035 1346 non
1055 1274 1187 1348 credere
1206 1276 1270 1348 Rc·

207 1425 341 1474 manum
361 1400 565 1493 Pontificem,
592 1401 781 1472 universalis
800 1399 963 1472 Ecclesiae
981 1414 1155 1497 pastorem,
1182 1403 1269 1476 Petri

206 1551 430 1600 successorem
451 1539 483 1598 et
500 1525 619 1599 Christi
648 1528 831 1624 legitimum
859 1529 1025 1621 vicarium,
1051 1553 1149 1625 snper
1176 1532 1271 1627 spiri·

205 1655 300 1727 tuaiia
319 1664 351 1725 et
368 1655 557 1751 temporalia
578 1655 791 1726 universalem
812 1657 911 1747 [non]
937 1655 1056 1727 habere
1082 1657 1269 1753 primatum,

204 1784 237 1854 in
266 1806 363 1880 quem
392 1781 485 1852 muiti
513 1782 666 1854 labuntur
693 1783 795 1854 dictae
822 1783 990 1880 potestatis
1009 1783 1268 1878 ignorantia...

204 1910 295 1983 Multi
322 1918 430 1980 autem
458 1910 584 1981 curiosa
612 1910 763 2000 scientia,
789 1922 821 1981 et
846 1910 971 1981 utinam
1000 1933 1067 1982 nan
1104 1913 1184 1985 elata
1218 1939 1270 1986 sn·

203 2038 325 2135 perbia,
351 2036 519 2132 cupientes
537 2061 576 2108 ex
594 2037 787 2134 quibusdam
809 2038 901 2109 novis
918 2038 1019 2108 videri
1037 2041 1145 2133 potius
1171 2065 1268 2136 quam

203 2164 322 2256 videre,
348 2173 380 2234 et
397 2164 473 2235 sciri
490 2163 599 2261 potius
617 2188 714 2260 qnam
734 2166 828 2256 scire,
854 2166 1018 2236 imitantes
1046 2164 1079 2234 in
1106 2166 1168 2238 hoc
1194 2168 1269 2239 iilos

203 2293 349 2364 curiosos
368 2303 400 2362 nt
425 2293 667 2387 superstitiosos
685 2291 914 2363 archemenses
942 2295 1011 2387 (γρ.
1029 2290 1270 2394 Athenienses),

203 2420 280 2517 quid
299 2419 337 2490 ad
359 2418 438 2490 nihii
456 2418 542 2490 aliud
569 2418 732 2510 vacabant,
759 2419 820 2489 nisi
847 2419 959 2489 audire
985 2419 1034 2490 vei
1062 2419 1186 2492 discere
1213 2421 1269 2492 aii·

206 2547 282 2644 quid
313 2545 416 2618 novi.“
431 2544 481 2640 28)

336 2707 493 2766 AUGUST.
527 2707 585 2762 TR.
603 2709 689 2764 XXII.
708 2714 732 2765 3.
748 2710 892 2776 (DANTIS
909 2709 993 2766 MON.
1011 2709 1032 2762 1.
1050 2715 1085 2775 8.)

202 2819 304 2912 „Tota
324 2816 472 2889 machina
492 2816 666 2888 mundialis
693 2841 758 2889 nou
785 2828 835 2890 est
861 2818 923 2889 nisi
943 2841 1029 2890 unus
1056 2820 1267 2917 principatus.

203 2947 268 3019 Sed
288 2946 361 3042 quia
381 2968 447 3015 nnn
467 2943 563 3016 dehet
577 2967 648 3016 esse
667 2945 728 3016 nisi
745 2968 832 3017 unus
850 2946 1039 3018 universalis
1057 2948 1267 3045 principatus,

202 3074 276 3146 ideo
303 3097 388 3145 unus
414 3073 566 3170 princeps
590 3082 623 3143 et
637 3095 724 3144 unus
742 3072 951 3169 principatus.
986 3072 1141 3173 Princeps
1159 3087 1266 3148 autem

202 3202 300 3275 totius
324 3201 524 3298 principatus
552 3199 664 3272 mundi
695 3209 744 3271 est
770 3201 839 3298 ipse
868 3198 1034 3291 Christus,
1062 3199 1153 3296 cujus
1179 3202 1264 3299 Papa

201 3329 340 3401 vicarius
359 3328 496 3400 existit.“

394 3493 478 3550 AUG.
497 3492 555 3548 TR.
572 3492 701 3547 XXXVI.
722 3497 744 3547 1.
763 3491 806 3558 (D.
825 3491 906 3547 ΜΘΝ.
924 3493 971 3546 ΙΙΙ.
990 3498 1025 3557 4.)

201 3599 362 3694 „Planum
390 3612 456 3692 est,
489 3588 575 3697 quod
612 3600 686 3671 iuna
714 3600 878 3671 derivatur
903 3624 920 3671 a
948 3600 1016 3671 sole
1044 3612 1198 3700 quantum
1226 3603 1266 3674 ad

202 3726 272 3823 ejus
290 3728 532 3820 formationem,
549 3727 624 3824 qnia
642 3752 681 3800 ex
700 3727 753 3800 iiia
771 3729 854 3820 luce,
871 3751 953 3824 qnae
972 3727 1053 3798 iacta
1074 3729 1268 3802 describitur

201 3857 235 3928 in
263 3855 382 3928 Genesi
415 3857 519 3953 prima
547 3855 616 3947 die,
649 3856 742 3930 tern'c
777 3856 829 3927 die
862 3855 1074 3952 postmodum
1107 3855 1267 3930 formatus

202 3996 251 4056 est
278 3985 344 4074 sci,
370 3984 487 4056 deinde
522 3984 598 4056 iuna
633 4008 670 4056 ac
696 3985 776 4056 aliae
802 3983 923 4055 stellae.
975 3981 1016 4053 Et
1041 3992 1197 4077 quantum
1225 3983 1264 4055 ad

234 4234 263 4301 ¹⁸)
281 4233 373 4290 Actus
391 4233 517 4302 Apostol.
534 4233 619 4289 xvn.
638 4238 679 4290 20.
