<?xml version="1.0" encoding="UTF-8"?>
<!DOCTYPE html PUBLIC "-//W3C//DTD XHTML 1.0 Transitional//EN"
    "http://www.w3.org/TR/xhtml1/DTD/xhtml1-transitional.dtd">
<html xmlns="http://www.w3.org/1999/xhtml" xml:lang="en" lang="en">
 <head>
  <title>
</title>
<meta http-equiv="Content-Type" content="text/html;charset=utf-8" />
  <meta name='ocr-system' content='tesseract 3.04.00' />
  <meta name='ocr-capabilities' content='ocr_page ocr_carea ocr_par ocr_line ocrx_word'/>
</head>
<body>
  <div class='ocr_page' id='page_1' title='image "./dantisalligheri01wittgoog_0191.png"; bbox 0 0 2940 5040; ppageno 0'>
   <div class='ocr_carea' id='block_1_1' title="bbox 262 317 1080 379">
    <p class='ocr_par' dir='ltr' id='par_1_1' title="bbox 262 317 1080 379">
     <span class='ocr_line' id='line_1_1' title="bbox 262 317 1080 379; baseline -0.009 0"><span class='ocrx_word' id='word_1_1' title='bbox 262 319 320 379; x_wconf 83' lang='lat'>100</span> <span class='ocrx_word' id='word_1_2' title='bbox 557 319 692 375; x_wconf 84' lang='lat' dir='ltr'>DANTIS</span> <span class='ocrx_word' id='word_1_3' title='bbox 708 317 926 374; x_wconf 83' lang='lat' dir='ltr'><strong>MONARCHIA</strong></span> <span class='ocrx_word' id='word_1_4' title='bbox 943 318 991 372; x_wconf 94' lang='lat' dir='ltr'><strong>IlI.</strong></span> <span class='ocrx_word' id='word_1_5' title='bbox 1009 318 1037 374; x_wconf 85' lang='lat' dir='ltr'><strong>C.</strong></span> <span class='ocrx_word' id='word_1_6' title='bbox 1056 322 1080 372; x_wconf 83' lang='lat'><strong>4.</strong></span> 
     </span>
    </p>
   </div>
   <div class='ocr_carea' id='block_1_2' title="bbox 211 490 1413 1390">
    <p class='ocr_par' dir='ltr' id='par_1_2' title="bbox 211 490 1413 1390">
     <span class='ocr_line' id='line_1_2' title="bbox 260 490 1377 573; baseline -0.003 -14"><span class='ocrx_word' id='word_1_7' title='bbox 260 492 412 559; x_wconf 88' lang='lat' dir='ltr'>deviandi</span> <span class='ocrx_word' id='word_1_8' title='bbox 435 492 530 559; x_wconf 89' lang='lat' dir='ltr'>etiam</span> <span class='ocrx_word' id='word_1_9' title='bbox 558 493 591 557; x_wconf 91' lang='lat' dir='ltr'>in</span> <span class='ocrx_word' id='word_1_10' title='bbox 613 500 828 557; x_wconf 88' lang='lat' dir='ltr'>transversum</span> <span class='ocrx_word' id='word_1_11' title='bbox 856 494 912 555; x_wconf 92' lang='lat' dir='ltr'>aut</span> <span class='ocrx_word' id='word_1_12' title='bbox 932 510 1117 573; x_wconf 82' lang='lat' dir='ltr'>perversum</span> <span class='ocrx_word' id='word_1_13' title='bbox 1145 490 1193 556; x_wconf 88' lang='lat' dir='ltr'>irc</span> <span class='ocrx_word' id='word_1_14' title='bbox 1216 490 1377 572; x_wconf 69' lang='lat' dir='ltr'>cogaturf‘</span> 
     </span>
     <span class='ocr_line' id='line_1_3' title="bbox 260 591 1376 679; baseline -0.001 -18"><span class='ocrx_word' id='word_1_15' title='bbox 260 594 386 662; x_wconf 85' lang='lat' dir='ltr'>Deinde</span> <span class='ocrx_word' id='word_1_16' title='bbox 407 595 509 659; x_wconf 81' lang='lat' dir='ltr'>innuit</span> <span class='ocrx_word' id='word_1_17' title='bbox 530 615 667 678; x_wconf 88' lang='lat' dir='ltr'>causam,</span> <span class='ocrx_word' id='word_1_18' title='bbox 691 613 788 675; x_wconf 89' lang='lat' dir='ltr'>quare</span> <span class='ocrx_word' id='word_1_19' title='bbox 811 591 988 658; x_wconf 88' lang='lat' dir='ltr'>cavendum</span> <span class='ocrx_word' id='word_1_20' title='bbox 1010 592 1127 658; x_wconf 87' lang='lat' dir='ltr'>sithoc</span> <span class='ocrx_word' id='word_1_21' title='bbox 1147 592 1181 655; x_wconf 90' lang='lat' dir='ltr'>in</span> <span class='ocrx_word' id='word_1_22' title='bbox 1203 593 1376 679; x_wconf 86' lang='lat' dir='ltr'>scripturis,</span> 
     </span>
     <span class='ocr_line' id='line_1_4' title="bbox 211 693 1379 780; baseline -0.002 -16"><span class='ocrx_word' id='word_1_23' title='bbox 211 715 243 768; x_wconf 84' lang='lat'>50</span> <span class='ocrx_word' id='word_1_24' title='bbox 262 696 383 763; x_wconf 89' lang='lat' dir='ltr'>dicens:</span> <span class='ocrx_word' id='word_1_25' title='bbox 413 696 597 780; x_wconf 77' lang='lat' dir='ltr'>„Titubabit</span> <span class='ocrx_word' id='word_1_26' title='bbox 618 694 714 779; x_wconf 75' lang='lat' dir='ltr'>fideS,</span> <span class='ocrx_word' id='word_1_27' title='bbox 744 694 772 759; x_wconf 93' lang='lat' dir='ltr'>si</span> <span class='ocrx_word' id='word_1_28' title='bbox 794 693 972 760; x_wconf 81' lang='lat' dir='ltr'>diuinarum</span> <span class='ocrx_word' id='word_1_29' title='bbox 1000 693 1223 776; x_wconf 87' lang='lat' dir='ltr'>scripturarum</span> <span class='ocrx_word' id='word_1_30' title='bbox 1246 697 1379 762; x_wconf 83' lang='lat' dir='ltr'>vacillat</span> 
     </span>
     <span class='ocr_line' id='line_1_5' title="bbox 260 794 1377 881; baseline 0.003 -18"><span class='ocrx_word' id='word_1_31' title='bbox 260 796 461 864; x_wconf 85' lang='lat' dir='ltr'>auctoritas.“</span> <span class='ocrx_word' id='word_1_32' title='bbox 504 798 573 881; x_wconf 84' lang='lat' dir='ltr'>Ego</span> <span class='ocrx_word' id='word_1_33' title='bbox 596 802 702 864; x_wconf 90' lang='lat' dir='ltr'>autem</span> <span class='ocrx_word' id='word_1_34' title='bbox 720 796 808 880; x_wconf 87' lang='lat' dir='ltr'>dico,</span> <span class='ocrx_word' id='word_1_35' title='bbox 832 796 918 879; x_wconf 93' lang='lat' dir='ltr'>quod</span> <span class='ocrx_word' id='word_1_36' title='bbox 940 795 967 860; x_wconf 92' lang='lat' dir='ltr'>si</span> <span class='ocrx_word' id='word_1_37' title='bbox 989 794 1068 859; x_wconf 92' lang='lat' dir='ltr'>talia</span> <span class='ocrx_word' id='word_1_38' title='bbox 1088 794 1205 861; x_wconf 88' lang='lat' dir='ltr'>fuerint</span> <span class='ocrx_word' id='word_1_39' title='bbox 1226 795 1268 862; x_wconf 96' lang='lat' dir='ltr'>de</span> <span class='ocrx_word' id='word_1_40' title='bbox 1289 797 1377 879; x_wconf 81' lang='lat' dir='ltr'>igno-</span> 
     </span>
     <span class='ocr_line' id='line_1_6' title="bbox 260 895 1380 984; baseline 0.002 -19"><span class='ocrx_word' id='word_1_41' title='bbox 260 900 372 984; x_wconf 87' lang='lat' dir='ltr'>rantia,</span> <span class='ocrx_word' id='word_1_42' title='bbox 396 900 592 984; x_wconf 81' lang='lat' dir='ltr'>correptione</span> <span class='ocrx_word' id='word_1_43' title='bbox 608 898 777 980; x_wconf 81' lang='lat' dir='ltr'>diligenter</span> <span class='ocrx_word' id='word_1_44' title='bbox 798 897 952 980; x_wconf 87' lang='lat' dir='ltr'>adhibita,</span> <span class='ocrx_word' id='word_1_45' title='bbox 975 895 1202 977; x_wconf 81' lang='lat' dir='ltr'>ignoscendum</span> <span class='ocrx_word' id='word_1_46' title='bbox 1217 903 1276 983; x_wconf 82' lang='lat' dir='ltr'>est,</span> <span class='ocrx_word' id='word_1_47' title='bbox 1298 901 1380 967; x_wconf 89' lang='lat' dir='ltr'>sicut</span> 
     </span>
     <span class='ocr_line' id='line_1_7' title="bbox 260 997 1378 1084; baseline 0.003 -17"><span class='ocrx_word' id='word_1_48' title='bbox 260 1000 487 1084; x_wconf 85' lang='lat' dir='ltr'>ignoscendum</span> <span class='ocrx_word' id='word_1_49' title='bbox 517 1006 602 1066; x_wconf 87' lang='lat' dir='ltr'>esset</span> <span class='ocrx_word' id='word_1_50' title='bbox 629 1001 692 1084; x_wconf 88' lang='lat' dir='ltr'>illi,</span> <span class='ocrx_word' id='word_1_51' title='bbox 722 1000 777 1083; x_wconf 93' lang='lat' dir='ltr'>qui</span> <span class='ocrx_word' id='word_1_52' title='bbox 803 1000 928 1065; x_wconf 92' lang='lat' dir='ltr'>leonem</span> <span class='ocrx_word' id='word_1_53' title='bbox 956 998 989 1062; x_wconf 95' lang='lat' dir='ltr'>in</span> <span class='ocrx_word' id='word_1_54' title='bbox 1017 997 1154 1063; x_wconf 90' lang='lat' dir='ltr'>nubibus</span> <span class='ocrx_word' id='word_1_55' title='bbox 1181 998 1378 1070; x_wconf 86' lang='lat' dir='ltr'>formidaret.</span> 
     </span>
     <span class='ocr_line' id='line_1_8' title="bbox 262 1099 1379 1186; baseline 0.003 -18"><span class='ocrx_word' id='word_1_56' title='bbox 262 1101 297 1168; x_wconf 88' lang='lat' dir='ltr'>Si</span> <span class='ocrx_word' id='word_1_57' title='bbox 318 1124 394 1169; x_wconf 90' lang='lat' dir='ltr'>vero</span> <span class='ocrx_word' id='word_1_58' title='bbox 416 1102 588 1185; x_wconf 83' lang='lat' dir='ltr'>industria,</span> <span class='ocrx_word' id='word_1_59' title='bbox 617 1123 680 1168; x_wconf 93' lang='lat' dir='ltr'>non</span> <span class='ocrx_word' id='word_1_60' title='bbox 708 1102 802 1169; x_wconf 89' lang='lat' dir='ltr'>aliter</span> <span class='ocrx_word' id='word_1_61' title='bbox 830 1121 901 1166; x_wconf 92' lang='lat' dir='ltr'>cum</span> <span class='ocrx_word' id='word_1_62' title='bbox 929 1100 975 1165; x_wconf 90' lang='lat' dir='ltr'>sic</span> <span class='ocrx_word' id='word_1_63' title='bbox 1003 1099 1181 1165; x_wconf 89' lang='lat' dir='ltr'>errantibus</span> <span class='ocrx_word' id='word_1_64' title='bbox 1210 1107 1261 1167; x_wconf 87' lang='lat' dir='ltr'>est</span> <span class='ocrx_word' id='word_1_65' title='bbox 1282 1123 1379 1186; x_wconf 81' lang='lat' dir='ltr'>agen-</span> 
     </span>
     <span class='ocr_line' id='line_1_9' title="bbox 211 1202 1379 1289; baseline -0.001 -17"><span class='ocrx_word' id='word_1_66' title='bbox 211 1223 242 1274; x_wconf 80' lang='grc'>15</span> <span class='ocrx_word' id='word_1_67' title='bbox 262 1205 352 1289; x_wconf 89' lang='lat' dir='ltr'>dum,</span> <span class='ocrx_word' id='word_1_68' title='bbox 383 1225 479 1286; x_wconf 91' lang='lat' dir='ltr'>quam</span> <span class='ocrx_word' id='word_1_69' title='bbox 508 1225 579 1269; x_wconf 92' lang='lat' dir='ltr'>cum</span> <span class='ocrx_word' id='word_1_70' title='bbox 606 1203 749 1288; x_wconf 85' lang='lat' dir='ltr'>tyrannis</span> <span class='ocrx_word' id='word_1_71' title='bbox 756 1252 764 1286; x_wconf 86' lang='lat'><em>‚</em></span> <span class='ocrx_word' id='word_1_72' title='bbox 798 1202 852 1284; x_wconf 92' lang='lat' dir='ltr'>qui</span> <span class='ocrx_word' id='word_1_73' title='bbox 879 1202 1008 1285; x_wconf 88' lang='lat' dir='ltr'>publica</span> <span class='ocrx_word' id='word_1_74' title='bbox 1035 1202 1109 1286; x_wconf 89' lang='lat' dir='ltr'>jura</span> <span class='ocrx_word' id='word_1_75' title='bbox 1137 1223 1201 1270; x_wconf 94' lang='lat' dir='ltr'>non</span> <span class='ocrx_word' id='word_1_76' title='bbox 1229 1204 1274 1269; x_wconf 89' lang='lat' dir='ltr'>ad</span> <span class='ocrx_word' id='word_1_77' title='bbox 1296 1227 1379 1271; x_wconf 92' lang='lat' dir='ltr'>com-</span> 
     </span>
     <span class='ocr_line' id='line_1_10' title="bbox 260 1302 1413 1390; baseline 0.003 -18"><span class='ocrx_word' id='word_1_78' title='bbox 260 1328 385 1374; x_wconf 92' lang='lat' dir='ltr'>munem</span> <span class='ocrx_word' id='word_1_79' title='bbox 416 1306 586 1370; x_wconf 84' lang='lat' dir='ltr'>utilitatem</span> <span class='ocrx_word' id='word_1_80' title='bbox 616 1310 804 1387; x_wconf 85' lang='lat' dir='ltr'>sequuntur,</span> <span class='ocrx_word' id='word_1_81' title='bbox 835 1302 894 1369; x_wconf 90' lang='lat' dir='ltr'>sed</span> <span class='ocrx_word' id='word_1_82' title='bbox 926 1304 969 1369; x_wconf 90' lang='lat' dir='ltr'>ad</span> <span class='ocrx_word' id='word_1_83' title='bbox 1001 1304 1164 1389; x_wconf 85' lang='lat' dir='ltr'>propriam</span> <span class='ocrx_word' id='word_1_84' title='bbox 1196 1312 1381 1390; x_wconf 87' lang='lat' dir='ltr'>retorquere</span> <span class='ocrx_word' id='word_1_85' title='bbox 1411 1338 1413 1341; x_wconf 95' lang='lat'>·</span> 
     </span>
    </p>
   </div>
   <div class='ocr_carea' id='block_1_3' title="bbox 261 1414 421 1476">
    <p class='ocr_par' dir='ltr' id='par_1_3' title="bbox 261 1414 421 1476">
     <span class='ocr_line' id='line_1_11' title="bbox 261 1414 421 1476; baseline -0.019 0"><span class='ocrx_word' id='word_1_86' title='bbox 261 1414 421 1476; x_wconf 86' lang='lat' dir='ltr'>conantur.</span> 
     </span>
    </p>
   </div>
   <div class='ocr_carea' id='block_1_4' title="bbox 213 1506 1382 2101">
    <p class='ocr_par' dir='ltr' id='par_1_4' title="bbox 213 1506 1382 2101">
     <span class='ocr_line' id='line_1_12' title="bbox 346 1506 1381 1594; baseline 0 -18"><span class='ocrx_word' id='word_1_87' title='bbox 346 1508 396 1576; x_wconf 90' lang='lat' dir='ltr'>Oh</span> <span class='ocrx_word' id='word_1_88' title='bbox 419 1529 575 1575; x_wconf 89' lang='lat' dir='ltr'>summum</span> <span class='ocrx_word' id='word_1_89' title='bbox 590 1508 720 1592; x_wconf 81' lang='lat' dir='ltr'>facinus,</span> <span class='ocrx_word' id='word_1_90' title='bbox 738 1506 862 1574; x_wconf 90' lang='lat' dir='ltr'>etiamsi</span> <span class='ocrx_word' id='word_1_91' title='bbox 878 1506 1040 1587; x_wconf 84' lang='lat' dir='ltr'>contingat</span> <span class='ocrx_word' id='word_1_92' title='bbox 1054 1508 1087 1572; x_wconf 94' lang='lat' dir='ltr'>in</span> <span class='ocrx_word' id='word_1_93' title='bbox 1101 1508 1242 1594; x_wconf 88' lang='lat' dir='ltr'>somniis,</span> <span class='ocrx_word' id='word_1_94' title='bbox 1260 1511 1381 1578; x_wconf 87' lang='lat' dir='ltr'>aeterni</span> 
     </span>
     <span class='ocr_line' id='line_1_13' title="bbox 263 1608 1381 1697; baseline -0.001 -19"><span class='ocrx_word' id='word_1_95' title='bbox 263 1610 399 1695; x_wconf 83' lang='lat' dir='ltr'>Spiritus</span> <span class='ocrx_word' id='word_1_96' title='bbox 420 1610 594 1675; x_wconf 92' lang='lat' dir='ltr'>intentione</span> <span class='ocrx_word' id='word_1_97' title='bbox 609 1609 712 1674; x_wconf 86' lang='lat' dir='ltr'>abuti!</span> <span class='ocrx_word' id='word_1_98' title='bbox 741 1608 815 1675; x_wconf 92' lang='lat' dir='ltr'>Non</span> <span class='ocrx_word' id='word_1_99' title='bbox 837 1608 921 1675; x_wconf 91' lang='lat' dir='ltr'>enim</span> <span class='ocrx_word' id='word_1_100' title='bbox 936 1614 1086 1692; x_wconf 92' lang='lat' dir='ltr'>peccatur</span> <span class='ocrx_word' id='word_1_101' title='bbox 1107 1609 1140 1674; x_wconf 92' lang='lat' dir='ltr'>in</span> <span class='ocrx_word' id='word_1_102' title='bbox 1154 1610 1298 1697; x_wconf 82' lang='lat' dir='ltr'>Moysen,</span> <span class='ocrx_word' id='word_1_103' title='bbox 1317 1633 1381 1678; x_wconf 91' lang='lat' dir='ltr'>non</span> 
     </span>
     <span class='ocr_line' id='line_1_14' title="bbox 213 1710 1378 1799; baseline -0.001 -18"><span class='ocrx_word' id='word_1_104' title='bbox 213 1732 245 1785; x_wconf 88' lang='lat' dir='ltr'>eo</span> <span class='ocrx_word' id='word_1_105' title='bbox 263 1713 296 1777; x_wconf 93' lang='lat' dir='ltr'>in</span> <span class='ocrx_word' id='word_1_106' title='bbox 317 1712 440 1795; x_wconf 87' lang='lat' dir='ltr'>David,</span> <span class='ocrx_word' id='word_1_107' title='bbox 470 1732 533 1778; x_wconf 93' lang='lat' dir='ltr'>non</span> <span class='ocrx_word' id='word_1_108' title='bbox 553 1711 586 1775; x_wconf 93' lang='lat' dir='ltr'>in</span> <span class='ocrx_word' id='word_1_109' title='bbox 608 1711 686 1795; x_wconf 75' lang='lat' dir='ltr'>doh,</span> <span class='ocrx_word' id='word_1_110' title='bbox 715 1731 778 1777; x_wconf 93' lang='lat' dir='ltr'>non</span> <span class='ocrx_word' id='word_1_111' title='bbox 805 1710 839 1775; x_wconf 92' lang='lat' dir='ltr'>in</span> <span class='ocrx_word' id='word_1_112' title='bbox 859 1711 1072 1795; x_wconf 87' lang='lat' dir='ltr'>Matthaeum‚</span> <span class='ocrx_word' id='word_1_113' title='bbox 1098 1732 1157 1778; x_wconf 93' lang='lat' dir='ltr'>nec</span> <span class='ocrx_word' id='word_1_114' title='bbox 1178 1713 1213 1777; x_wconf 94' lang='lat' dir='ltr'>in</span> <span class='ocrx_word' id='word_1_115' title='bbox 1233 1715 1378 1799; x_wconf 85' lang='lat' dir='ltr'>Paulum,</span> 
     </span>
     <span class='ocr_line' id='line_1_15' title="bbox 262 1811 1378 1899; baseline 0.001 -20"><span class='ocrx_word' id='word_1_116' title='bbox 262 1811 374 1879; x_wconf 90' lang='lat' dir='ltr'>sedin</span> <span class='ocrx_word' id='word_1_117' title='bbox 397 1811 549 1898; x_wconf 84' lang='lat' dir='ltr'>Spiritum</span> <span class='ocrx_word' id='word_1_118' title='bbox 572 1813 737 1896; x_wconf 87' lang='lat' dir='ltr'>Sanctum,</span> <span class='ocrx_word' id='word_1_119' title='bbox 762 1813 815 1894; x_wconf 91' lang='lat' dir='ltr'>qui</span> <span class='ocrx_word' id='word_1_120' title='bbox 837 1812 976 1894; x_wconf 92' lang='lat' dir='ltr'>loquitur</span> <span class='ocrx_word' id='word_1_121' title='bbox 996 1812 1030 1876; x_wconf 94' lang='lat' dir='ltr'>in</span> <span class='ocrx_word' id='word_1_122' title='bbox 1051 1813 1124 1879; x_wconf 90' lang='lat' dir='ltr'>illis.</span> <span class='ocrx_word' id='word_1_123' title='bbox 1163 1814 1249 1879; x_wconf 89' lang='lat' dir='ltr'>Nam</span> <span class='ocrx_word' id='word_1_124' title='bbox 1272 1836 1378 1899; x_wconf 91' lang='lat' dir='ltr'>quam-</span> 
     </span>
     <span class='ocr_line' id='line_1_16' title="bbox 263 1913 1382 1998; baseline 0 -18"><span class='ocrx_word' id='word_1_125' title='bbox 263 1935 357 1998; x_wconf 89' lang='lat' dir='ltr'>quam</span> <span class='ocrx_word' id='word_1_126' title='bbox 380 1917 503 1981; x_wconf 87' lang='lat' dir='ltr'>scribae</span> <span class='ocrx_word' id='word_1_127' title='bbox 526 1913 627 1981; x_wconf 91' lang='lat' dir='ltr'>divini</span> <span class='ocrx_word' id='word_1_128' title='bbox 649 1913 767 1994; x_wconf 90' lang='lat' dir='ltr'>eloquii</span> <span class='ocrx_word' id='word_1_129' title='bbox 781 1914 873 1980; x_wconf 91' lang='lat' dir='ltr'>multi</span> <span class='ocrx_word' id='word_1_130' title='bbox 895 1913 966 1997; x_wconf 86' lang='lat' dir='ltr'>sint,</span> <span class='ocrx_word' id='word_1_131' title='bbox 989 1915 1099 1980; x_wconf 87' lang='lat' dir='ltr'>unicus</span> <span class='ocrx_word' id='word_1_132' title='bbox 1121 1919 1229 1981; x_wconf 89' lang='lat' dir='ltr'>tamen</span> <span class='ocrx_word' id='word_1_133' title='bbox 1245 1915 1382 1983; x_wconf 89' lang='lat' dir='ltr'>dictator</span> 
     </span>
     <span class='ocr_line' id='line_1_17' title="bbox 262 2014 1380 2101; baseline 0.004 -22"><span class='ocrx_word' id='word_1_134' title='bbox 262 2017 311 2079; x_wconf 90' lang='lat' dir='ltr'>est</span> <span class='ocrx_word' id='word_1_135' title='bbox 332 2014 433 2098; x_wconf 86' lang='lat' dir='ltr'>Deus,</span> <span class='ocrx_word' id='word_1_136' title='bbox 464 2016 518 2099; x_wconf 92' lang='lat' dir='ltr'>qui</span> <span class='ocrx_word' id='word_1_137' title='bbox 540 2016 774 2098; x_wconf 88' lang='lat' dir='ltr'>beneplacitum</span> <span class='ocrx_word' id='word_1_138' title='bbox 796 2036 886 2081; x_wconf 92' lang='lat' dir='ltr'>suum</span> <span class='ocrx_word' id='word_1_139' title='bbox 908 2015 1001 2082; x_wconf 88' lang='lat' dir='ltr'>nobis</span> <span class='ocrx_word' id='word_1_140' title='bbox 1024 2037 1081 2101; x_wconf 91' lang='lat' dir='ltr'>per</span> <span class='ocrx_word' id='word_1_141' title='bbox 1102 2019 1274 2083; x_wconf 92' lang='lat' dir='ltr'>multorum</span> <span class='ocrx_word' id='word_1_142' title='bbox 1296 2019 1380 2084; x_wconf 79' lang='lat' dir='ltr'>cala</span> 
     </span>
    </p>
   </div>
   <div class='ocr_carea' id='block_1_5' title="bbox 262 2117 762 2202">
    <p class='ocr_par' dir='ltr' id='par_1_5' title="bbox 262 2117 762 2202">
     <span class='ocr_line' id='line_1_18' title="bbox 262 2117 762 2202; baseline 0.006 -24"><span class='ocrx_word' id='word_1_143' title='bbox 262 2135 330 2181; x_wconf 92' lang='lat' dir='ltr'>mos</span> <span class='ocrx_word' id='word_1_144' title='bbox 352 2117 513 2202; x_wconf 85' lang='lat' dir='ltr'>explicare</span> <span class='ocrx_word' id='word_1_145' title='bbox 535 2118 684 2199; x_wconf 80' lang='lat' dir='ltr'>dignatus</span> <span class='ocrx_word' id='word_1_146' title='bbox 706 2121 762 2183; x_wconf 93' lang='lat' dir='ltr'>est.</span> 
     </span>
    </p>
   </div>
   <div class='ocr_carea' id='block_1_6' title="bbox 288 2300 798 3980">
    <p class='ocr_par' dir='ltr' id='par_1_6' title="bbox 288 2300 795 2706">
     <span class='ocr_line' id='line_1_19' title="bbox 288 2300 794 2374; baseline 0.002 -20"><span class='ocrx_word' id='word_1_147' title='bbox 288 2301 312 2332; x_wconf 80' lang='grc'>55</span> <span class='ocrx_word' id='word_1_148' title='bbox 328 2300 398 2354; x_wconf 87' lang='lat' dir='ltr'>Edd.</span> <span class='ocrx_word' id='word_1_149' title='bbox 422 2303 451 2354; x_wconf 82' lang='lat' dir='ltr'>in</span> <span class='ocrx_word' id='word_1_150' title='bbox 475 2307 656 2355; x_wconf 78' lang='lat' dir='ltr'>transversum</span> <span class='ocrx_word' id='word_1_151' title='bbox 678 2308 705 2356; x_wconf 83' lang='lat' dir='ltr'>et</span> <span class='ocrx_word' id='word_1_152' title='bbox 729 2319 794 2374; x_wconf 83' lang='lat' dir='ltr'>pcr-</span> 
     </span>
     <span class='ocr_line' id='line_1_20' title="bbox 329 2386 795 2458; baseline 0.006 -20"><span class='ocrx_word' id='word_1_153' title='bbox 329 2401 433 2439; x_wconf 80' lang='lat' dir='ltr'>versam</span> <span class='ocrx_word' id='word_1_154' title='bbox 451 2387 491 2439; x_wconf 81' lang='lat' dir='ltr'>irc</span> <span class='ocrx_word' id='word_1_155' title='bbox 502 2388 696 2458; x_wconf 75' lang='lat' dir='ltr'>qaiscoqatur.</span> <span class='ocrx_word' id='word_1_156' title='bbox 720 2386 795 2454; x_wconf 76' lang='lat' dir='ltr'>Quae</span> 
     </span>
     <span class='ocr_line' id='line_1_21' title="bbox 330 2469 794 2526; baseline 0.009 -4"><span class='ocrx_word' id='word_1_157' title='bbox 330 2469 450 2524; x_wconf 82' lang='lat' dir='ltr'>dedimus</span> <span class='ocrx_word' id='word_1_158' title='bbox 467 2471 601 2526; x_wconf 86' lang='lat' dir='ltr'>habentur</span> <span class='ocrx_word' id='word_1_159' title='bbox 624 2472 653 2526; x_wconf 92' lang='lat' dir='ltr'>in</span> <span class='ocrx_word' id='word_1_160' title='bbox 670 2471 794 2526; x_wconf 91' lang='lat' dir='ltr'>omnibus</span> 
     </span>
     <span class='ocr_line' id='line_1_22' title="bbox 330 2555 795 2624; baseline 0.006 -17"><span class='ocrx_word' id='word_1_161' title='bbox 330 2559 357 2608; x_wconf 88' lang='lat' dir='ltr'>et</span> <span class='ocrx_word' id='word_1_162' title='bbox 392 2555 585 2609; x_wconf 86' lang='lat' dir='ltr'>confirmantur</span> <span class='ocrx_word' id='word_1_163' title='bbox 618 2571 667 2624; x_wconf 92' lang='lat' dir='ltr'>per</span> <span class='ocrx_word' id='word_1_164' title='bbox 706 2556 795 2624; x_wconf 89' lang='lat' dir='ltr'>ipsum</span> 
     </span>
     <span class='ocr_line' id='line_1_23' title="bbox 327 2639 598 2706; baseline 0.004 -15"><span class='ocrx_word' id='word_1_165' title='bbox 327 2639 472 2706; x_wconf 81' lang='lat' dir='ltr'>Augustini</span> <span class='ocrx_word' id='word_1_166' title='bbox 488 2645 598 2694; x_wconf 87' lang='lat' dir='ltr'>textum.</span> 
     </span>
    </p>

    <p class='ocr_par' dir='ltr' id='par_1_7' title="bbox 290 2723 798 3285">
     <span class='ocr_line' id='line_1_24' title="bbox 290 2723 797 2792; baseline 0.002 -16"><span class='ocrx_word' id='word_1_167' title='bbox 290 2724 322 2787; x_wconf 87' lang='lat'>⁵¹,</span> <span class='ocrx_word' id='word_1_168' title='bbox 334 2724 357 2756; x_wconf 82' lang='lat'>⁵²</span> <span class='ocrx_word' id='word_1_169' title='bbox 374 2723 515 2792; x_wconf 81' lang='lat' dir='ltr'>Sequimur</span> <span class='ocrx_word' id='word_1_170' title='bbox 533 2724 610 2779; x_wconf 86' lang='lat' dir='ltr'>codd.</span> <span class='ocrx_word' id='word_1_171' title='bbox 625 2726 657 2779; x_wconf 85' lang='lat' dir='ltr'><strong>A.</strong></span> <span class='ocrx_word' id='word_1_172' title='bbox 668 2725 707 2778; x_wconf 92' lang='grc' dir='ltr'>Μ.</span> <span class='ocrx_word' id='word_1_173' title='bbox 721 2724 751 2777; x_wconf 91' lang='grc' dir='ltr'>Ρ.</span> <span class='ocrx_word' id='word_1_174' title='bbox 762 2755 797 2765; x_wconf 97' lang='grc'>-</span> 
     </span>
     <span class='ocr_line' id='line_1_25' title="bbox 330 2807 784 2879; baseline 0.004 -18"><span class='ocrx_word' id='word_1_175' title='bbox 330 2809 414 2862; x_wconf 89' lang='lat' dir='ltr'>Paulo</span> <span class='ocrx_word' id='word_1_176' title='bbox 433 2809 510 2862; x_wconf 86' lang='lat' dir='ltr'>aliter</span> <span class='ocrx_word' id='word_1_177' title='bbox 526 2807 565 2863; x_wconf 94' lang='lat' dir='ltr'>H:</span> <span class='ocrx_word' id='word_1_178' title='bbox 592 2809 666 2879; x_wconf 82' lang='lat' dir='ltr'>quod</span> <span class='ocrx_word' id='word_1_179' title='bbox 688 2810 715 2863; x_wconf 81' lang='lat' dir='ltr'>si</span> <span class='ocrx_word' id='word_1_180' title='bbox 733 2808 784 2863; x_wconf 85' lang='lat' dir='ltr'>tol&#39;</span> 
     </span>
     <span class='ocr_line' id='line_1_26' title="bbox 329 2893 797 2965; baseline 0.004 -19"><span class='ocrx_word' id='word_1_181' title='bbox 329 2893 418 2962; x_wconf 80' lang='lat' dir='ltr'>suerit</span> <span class='ocrx_word' id='word_1_182' title='bbox 445 2895 589 2964; x_wconf 73' lang='lat' dir='ltr'>ipsoram,</span> <span class='ocrx_word' id='word_1_183' title='bbox 624 2896 797 2965; x_wconf 58' lang='lat' dir='ltr'>ignorantiae</span> 
     </span>
     <span class='ocr_line' id='line_1_27' title="bbox 330 2976 797 3048; baseline 0.004 -19"><span class='ocrx_word' id='word_1_184' title='bbox 330 3007 363 3016; x_wconf 94' lang='lat'><em>—</em></span> <span class='ocrx_word' id='word_1_185' title='bbox 373 2978 405 3030; x_wconf 90' lang='lat' dir='ltr'><strong>F.</strong></span> <span class='ocrx_word' id='word_1_186' title='bbox 415 2976 447 3029; x_wconf 89' lang='lat' dir='ltr'>L.</span> <span class='ocrx_word' id='word_1_187' title='bbox 458 2976 491 3029; x_wconf 93' lang='lat' dir='ltr'>V.</span> <span class='ocrx_word' id='word_1_188' title='bbox 514 2977 589 3047; x_wconf 84' lang='lat' dir='ltr'>quod</span> <span class='ocrx_word' id='word_1_189' title='bbox 604 2979 631 3031; x_wconf 79' lang='lat' dir='ltr'>si</span> <span class='ocrx_word' id='word_1_190' title='bbox 647 2979 714 3033; x_wconf 78' lang='lat' dir='ltr'>tolia</span> <span class='ocrx_word' id='word_1_191' title='bbox 725 2979 797 3048; x_wconf 80' lang='lat' dir='ltr'>fiunt</span> 
     </span>
     <span class='ocr_line' id='line_1_28' title="bbox 330 3061 798 3132; baseline 0.004 -17"><span class='ocrx_word' id='word_1_192' title='bbox 330 3061 364 3115; x_wconf 82' lang='lat' dir='ltr'>de</span> <span class='ocrx_word' id='word_1_193' title='bbox 385 3063 544 3132; x_wconf 74' lang='lat' dir='ltr'>iquorarrtic</span> <span class='ocrx_word' id='word_1_194' title='bbox 564 3094 597 3101; x_wconf 91' lang='lat'>-</span> <span class='ocrx_word' id='word_1_195' title='bbox 623 3062 694 3117; x_wconf 88' lang='lat' dir='ltr'>Edd.</span> <span class='ocrx_word' id='word_1_196' title='bbox 723 3062 798 3132; x_wconf 83' lang='lat' dir='ltr'>quod</span> 
     </span>
     <span class='ocr_line' id='line_1_29' title="bbox 330 3146 795 3220; baseline 0.006 -20"><span class='ocrx_word' id='word_1_197' title='bbox 330 3148 357 3200; x_wconf 83' lang='lat' dir='ltr'>si</span> <span class='ocrx_word' id='word_1_198' title='bbox 385 3146 452 3200; x_wconf 84' lang='lat' dir='ltr'>tolia</span> <span class='ocrx_word' id='word_1_199' title='bbox 484 3146 518 3201; x_wconf 84' lang='lat' dir='ltr'>de</span> <span class='ocrx_word' id='word_1_200' title='bbox 544 3148 700 3219; x_wconf 58' lang='lat' dir='ltr'>ignorantia</span> <span class='ocrx_word' id='word_1_201' title='bbox 727 3165 795 3220; x_wconf 81' lang='lat' dir='ltr'>pro-</span> 
     </span>
     <span class='ocr_line' id='line_1_30' title="bbox 330 3232 440 3285; baseline -0.018 0"><span class='ocrx_word' id='word_1_202' title='bbox 330 3232 440 3285; x_wconf 76' lang='lat' dir='ltr'>ueniant</span> 
     </span>
    </p>

    <p class='ocr_par' dir='ltr' id='par_1_8' title="bbox 291 3315 798 3892">
     <span class='ocr_line' id='line_1_31' title="bbox 291 3315 794 3387; baseline 0.004 -19"><span class='ocrx_word' id='word_1_203' title='bbox 291 3316 314 3348; x_wconf 80' lang='lat'>⁵²</span> <span class='ocrx_word' id='word_1_204' title='bbox 330 3315 368 3368; x_wconf 93' lang='grc' dir='ltr'>Μ.</span> <span class='ocrx_word' id='word_1_205' title='bbox 399 3322 516 3386; x_wconf 82' lang='lat' dir='ltr'>corrept.</span> <span class='ocrx_word' id='word_1_206' title='bbox 550 3317 674 3387; x_wconf 75' lang='lat' dir='ltr'>diliqerttr‘</span> <span class='ocrx_word' id='word_1_207' title='bbox 704 3316 794 3372; x_wconf 73' lang='lat' dir='ltr'>actio.</span> 
     </span>
     <span class='ocr_line' id='line_1_32' title="bbox 331 3399 796 3456; baseline 0.002 -3"><span class='ocrx_word' id='word_1_208' title='bbox 331 3399 433 3454; x_wconf 84' lang='lat' dir='ltr'>Contra</span> <span class='ocrx_word' id='word_1_209' title='bbox 467 3400 625 3454; x_wconf 90' lang='lat' dir='ltr'>hodiernum</span> <span class='ocrx_word' id='word_1_210' title='bbox 661 3401 796 3456; x_wconf 87' lang='lat' dir='ltr'>scribendi</span> 
     </span>
     <span class='ocr_line' id='line_1_33' title="bbox 331 3485 796 3556; baseline 0 -17"><span class='ocrx_word' id='word_1_211' title='bbox 331 3485 439 3539; x_wconf 92' lang='lat' dir='ltr'>modum</span> <span class='ocrx_word' id='word_1_212' title='bbox 449 3486 608 3540; x_wconf 88' lang='lat' dir='ltr'>retinuimus</span> <span class='ocrx_word' id='word_1_213' title='bbox 618 3487 796 3556; x_wconf 79' lang='lat' dir='ltr'>correptione,</span> 
     </span>
     <span class='ocr_line' id='line_1_34' title="bbox 332 3570 797 3638; baseline 0 -15"><span class='ocrx_word' id='word_1_214' title='bbox 332 3570 403 3638; x_wconf 91' lang='lat' dir='ltr'>quod</span> <span class='ocrx_word' id='word_1_215' title='bbox 426 3570 528 3624; x_wconf 89' lang='lat' dir='ltr'>habent</span> <span class='ocrx_word' id='word_1_216' title='bbox 554 3570 630 3624; x_wconf 87' lang='lat' dir='ltr'>codd.</span> <span class='ocrx_word' id='word_1_217' title='bbox 663 3574 690 3625; x_wconf 92' lang='lat' dir='ltr'>et</span> <span class='ocrx_word' id='word_1_218' title='bbox 714 3570 797 3635; x_wconf 82' lang='lat' dir='ltr'>editt,</span> 
     </span>
     <span class='ocr_line' id='line_1_35' title="bbox 332 3654 797 3724; baseline -0.002 -16"><span class='ocrx_word' id='word_1_219' title='bbox 332 3671 413 3723; x_wconf 89' lang='lat' dir='ltr'>quum</span> <span class='ocrx_word' id='word_1_220' title='bbox 430 3654 579 3709; x_wconf 85' lang='lat' dir='ltr'>rideremus</span> <span class='ocrx_word' id='word_1_221' title='bbox 598 3670 647 3709; x_wconf 92' lang='lat' dir='ltr'>nec</span> <span class='ocrx_word' id='word_1_222' title='bbox 664 3655 797 3724; x_wconf 89' lang='lat' dir='ltr'>Hierony·</span> 
     </span>
     <span class='ocr_line' id='line_1_36' title="bbox 331 3739 798 3807; baseline 0.002 -16"><span class='ocrx_word' id='word_1_223' title='bbox 331 3755 405 3792; x_wconf 91' lang='lat' dir='ltr'>mum</span> <span class='ocrx_word' id='word_1_224' title='bbox 438 3739 467 3792; x_wconf 91' lang='lat' dir='ltr'>in</span> <span class='ocrx_word' id='word_1_225' title='bbox 499 3740 616 3807; x_wconf 85' lang='lat' dir='ltr'>Vulgata</span> <span class='ocrx_word' id='word_1_226' title='bbox 649 3740 798 3793; x_wconf 89' lang='lat' dir='ltr'>Bibliorum</span> 
     </span>
     <span class='ocr_line' id='line_1_37' title="bbox 331 3824 707 3892; baseline 0 -14"><span class='ocrx_word' id='word_1_227' title='bbox 331 3824 453 3879; x_wconf 85' lang='lat' dir='ltr'>versione</span> <span class='ocrx_word' id='word_1_228' title='bbox 471 3824 549 3878; x_wconf 85' lang='lat' dir='ltr'>aliter</span> <span class='ocrx_word' id='word_1_229' title='bbox 567 3824 707 3892; x_wconf 85' lang='lat' dir='ltr'>scripsisse</span> 
     </span>
    </p>

    <p class='ocr_par' dir='ltr' id='par_1_9' title="bbox 349 3908 679 3980">
     <span class='ocr_line' id='line_1_38' title="bbox 349 3908 679 3980; baseline 0 -19"><span class='ocrx_word' id='word_1_230' title='bbox 349 3908 380 3963; x_wconf 91' lang='lat' dir='ltr'>F.</span> <span class='ocrx_word' id='word_1_231' title='bbox 400 3909 592 3980; x_wconf 74' lang='lat' dir='ltr'>iquoscendum</span> <span class='ocrx_word' id='word_1_232' title='bbox 611 3914 679 3963; x_wconf 85' lang='lat' dir='ltr'>esset</span> 
     </span>
    </p>
   </div>
   <div class='ocr_carea' id='block_1_7' title="bbox 292 3991 796 4133">
    <p class='ocr_par' dir='ltr' id='par_1_10' title="bbox 292 3991 796 4133">
     <span class='ocr_line' id='line_1_39' title="bbox 292 3991 795 4064; baseline -0.01 -15"><span class='ocrx_word' id='word_1_233' title='bbox 292 3993 322 4057; x_wconf 80' lang='lat'>⁵²,</span> <span class='ocrx_word' id='word_1_234' title='bbox 334 3994 356 4026; x_wconf 88' lang='lat'>⁵³</span> <span class='ocrx_word' id='word_1_235' title='bbox 366 3993 456 4047; x_wconf 87' lang='lat' dir='ltr'>Verba</span> <span class='ocrx_word' id='word_1_236' title='bbox 465 3996 534 4049; x_wconf 82' lang='lat' dir='ltr'>sicut</span> <span class='ocrx_word' id='word_1_237' title='bbox 543 3992 736 4064; x_wconf 73' lang='lat' dir='ltr'>iqrrosceudum</span> <span class='ocrx_word' id='word_1_238' title='bbox 748 3991 795 4045; x_wconf 90' lang='lat' dir='ltr'>ab·</span> 
     </span>
     <span class='ocr_line' id='line_1_40' title="bbox 333 4077 796 4133; baseline -0.002 -3"><span class='ocrx_word' id='word_1_239' title='bbox 333 4082 397 4131; x_wconf 85' lang='lat' dir='ltr'>sunt</span> <span class='ocrx_word' id='word_1_240' title='bbox 414 4093 430 4130; x_wconf 91' lang='lat' dir='ltr'>a</span> <span class='ocrx_word' id='word_1_241' title='bbox 449 4079 525 4132; x_wconf 91' lang='lat' dir='ltr'>codd.</span> <span class='ocrx_word' id='word_1_242' title='bbox 544 4081 574 4131; x_wconf 88' lang='lat' dir='ltr'>A.</span> <span class='ocrx_word' id='word_1_243' title='bbox 595 4079 626 4131; x_wconf 85' lang='lat' dir='ltr'><strong>F.</strong></span> <span class='ocrx_word' id='word_1_244' title='bbox 648 4085 674 4133; x_wconf 89' lang='lat' dir='ltr'>et</span> <span class='ocrx_word' id='word_1_245' title='bbox 691 4078 729 4131; x_wconf 89' lang='lat' dir='ltr'>M.</span> <span class='ocrx_word' id='word_1_246' title='bbox 755 4077 796 4130; x_wconf 94' lang='lat' dir='ltr'>llli</span> 
     </span>
    </p>
   </div>
   <div class='ocr_carea' id='block_1_8' title="bbox 199 4230 767 4320">
    <p class='ocr_par' dir='ltr' id='par_1_11' title="bbox 199 4230 767 4320">
     <span class='ocr_line' id='line_1_41' title="bbox 199 4230 767 4320; baseline 0.005 -41"><span class='ocrx_word' id='word_1_247' title='bbox 199 4261 219 4309; x_wconf 44' lang='grc' dir='ltr'>Ξ,</span> <span class='ocrx_word' id='word_1_248' title='bbox 235 4262 255 4309; x_wconf 65' lang='lat'>,3</span> <span class='ocrx_word' id='word_1_249' title='bbox 335 4231 357 4313; x_wconf 73' lang='grc'>55</span> <span class='ocrx_word' id='word_1_250' title='bbox 373 4230 551 4320; x_wconf 44' lang='lat' dir='ltr'>accusemus</span> <span class='ocrx_word' id='word_1_251' title='bbox 569 4231 587 4283; x_wconf 93' lang='lat' dir='ltr'>l.</span> <span class='ocrx_word' id='word_1_252' title='bbox 606 4246 628 4283; x_wconf 91' lang='lat' dir='ltr'>c.</span> <span class='ocrx_word' id='word_1_253' title='bbox 648 4246 707 4299; x_wconf 84' lang='lat' dir='ltr'>cap.</span> <span class='ocrx_word' id='word_1_254' title='bbox 728 4236 767 4284; x_wconf 78' lang='lat'><strong>37.</strong></span> 
     </span>
    </p>
   </div>
   <div class='ocr_carea' id='block_1_9' title="bbox 872 2303 1383 4046">
    <p class='ocr_par' dir='ltr' id='par_1_12' title="bbox 913 2303 1381 2525">
     <span class='ocr_line' id='line_1_42' title="bbox 913 2303 1381 2372; baseline 0.009 -18"><span class='ocrx_word' id='word_1_255' title='bbox 913 2306 1054 2371; x_wconf 85' lang='lat' dir='ltr'>praeterea</span> <span class='ocrx_word' id='word_1_256' title='bbox 1071 2307 1203 2370; x_wconf 87' lang='lat' dir='ltr'>respuunt</span> <span class='ocrx_word' id='word_1_257' title='bbox 1220 2303 1381 2372; x_wconf 68' lang='grc'><strong>1111111111</strong></span> 
     </span>
     <span class='ocr_line' id='line_1_43' title="bbox 913 2385 1381 2457; baseline 0.009 -17"><span class='ocrx_word' id='word_1_258' title='bbox 913 2387 1046 2453; x_wconf 80' lang='lat' dir='ltr'>sequitur3</span> <span class='ocrx_word' id='word_1_259' title='bbox 1073 2385 1117 2440; x_wconf 92' lang='lat' dir='ltr'>hic</span> <span class='ocrx_word' id='word_1_260' title='bbox 1141 2387 1278 2456; x_wconf 84' lang='lat' dir='ltr'>estquod</span> <span class='ocrx_word' id='word_1_261' title='bbox 1301 2403 1381 2457; x_wconf 80' lang='lat' dir='ltr'>pree·</span> 
     </span>
     <span class='ocr_line' id='line_1_44' title="bbox 914 2470 993 2525; baseline -0.025 0"><span class='ocrx_word' id='word_1_262' title='bbox 914 2470 993 2525; x_wconf 90' lang='lat' dir='ltr'>cedit.</span> 
     </span>
    </p>

    <p class='ocr_par' dir='ltr' id='par_1_13' title="bbox 873 2553 1288 2610">
     <span class='ocr_line' id='line_1_45' title="bbox 873 2553 1288 2610; baseline 0.007 -3"><span class='ocrx_word' id='word_1_263' title='bbox 873 2556 896 2588; x_wconf 82' lang='grc'>55</span> <span class='ocrx_word' id='word_1_264' title='bbox 912 2553 947 2607; x_wconf 94' lang='lat' dir='ltr'><strong>H.</strong></span> <span class='ocrx_word' id='word_1_265' title='bbox 965 2553 998 2609; x_wconf 82' lang='lat' dir='ltr'>Si</span> <span class='ocrx_word' id='word_1_266' title='bbox 1013 2571 1075 2609; x_wconf 85' lang='lat' dir='ltr'>vero</span> <span class='ocrx_word' id='word_1_267' title='bbox 1095 2572 1133 2609; x_wconf 82' lang='lat' dir='ltr'>ex</span> <span class='ocrx_word' id='word_1_268' title='bbox 1151 2555 1288 2610; x_wconf 77' lang='lat' dir='ltr'>industria</span> 
     </span>
    </p>

    <p class='ocr_par' dir='ltr' id='par_1_14' title="bbox 873 2640 1382 2779">
     <span class='ocr_line' id='line_1_46' title="bbox 873 2640 1382 2711; baseline 0 -18"><span class='ocrx_word' id='word_1_269' title='bbox 873 2640 903 2706; x_wconf 78' lang='lat'>⁵⁵,</span> <span class='ocrx_word' id='word_1_270' title='bbox 923 2640 995 2693; x_wconf 78' lang='grc'><strong>5511.</strong></span> <span class='ocrx_word' id='word_1_271' title='bbox 1014 2657 1074 2694; x_wconf 87' lang='lat' dir='ltr'>cum</span> <span class='ocrx_word' id='word_1_272' title='bbox 1093 2641 1132 2694; x_wconf 80' lang='lat' dir='ltr'>sic</span> <span class='ocrx_word' id='word_1_273' title='bbox 1149 2640 1334 2711; x_wconf 71' lang='grc'><strong>1911111111-</strong></span> <span class='ocrx_word' id='word_1_274' title='bbox 1348 2640 1382 2694; x_wconf 92' lang='grc' dir='ltr'>Η.</span> 
     </span>
     <span class='ocr_line' id='line_1_47' title="bbox 915 2727 1220 2779; baseline 0 0"><span class='ocrx_word' id='word_1_275' title='bbox 915 2740 975 2779; x_wconf 83' lang='lat' dir='ltr'>cum</span> <span class='ocrx_word' id='word_1_276' title='bbox 992 2741 1023 2778; x_wconf 84' lang='lat' dir='ltr'>co</span> <span class='ocrx_word' id='word_1_277' title='bbox 1041 2727 1080 2779; x_wconf 80' lang='lat' dir='ltr'>sic</span> <span class='ocrx_word' id='word_1_278' title='bbox 1098 2730 1220 2779; x_wconf 76' lang='lat' dir='ltr'>certante</span> 
     </span>
    </p>

    <p class='ocr_par' dir='ltr' id='par_1_15' title="bbox 872 2807 1351 2881">
     <span class='ocr_line' id='line_1_48' title="bbox 872 2807 1351 2881; baseline 0.004 -19"><span class='ocrx_word' id='word_1_279' title='bbox 872 2811 895 2843; x_wconf 89' lang='grc'>55</span> <span class='ocrx_word' id='word_1_280' title='bbox 912 2809 943 2862; x_wconf 92' lang='grc' dir='ltr'>Ρ.</span> <span class='ocrx_word' id='word_1_281' title='bbox 963 2825 1022 2864; x_wconf 86' lang='lat' dir='ltr'>cum</span> <span class='ocrx_word' id='word_1_282' title='bbox 1041 2811 1155 2864; x_wconf 80' lang='lat' dir='ltr'>tiramus</span> <span class='ocrx_word' id='word_1_283' title='bbox 1166 2826 1222 2881; x_wconf 83' lang='lat' dir='ltr'>per</span> <span class='ocrx_word' id='word_1_284' title='bbox 1233 2807 1351 2880; x_wconf 76' lang='lat' dir='ltr'>publica</span> 
     </span>
    </p>

    <p class='ocr_par' dir='ltr' id='par_1_16' title="bbox 874 2893 1203 2966">
     <span class='ocr_line' id='line_1_49' title="bbox 874 2893 1203 2966; baseline 0 -19"><span class='ocrx_word' id='word_1_285' title='bbox 874 2894 896 2927; x_wconf 86' lang='grc'>55</span> <span class='ocrx_word' id='word_1_286' title='bbox 912 2894 951 2947; x_wconf 91' lang='grc' dir='ltr'>Μ.</span> <span class='ocrx_word' id='word_1_287' title='bbox 970 2894 1018 2948; x_wconf 84' lang='lat' dir='ltr'>scd</span> <span class='ocrx_word' id='word_1_288' title='bbox 1034 2893 1072 2947; x_wconf 80' lang='lat' dir='ltr'>ad</span> <span class='ocrx_word' id='word_1_289' title='bbox 1082 2894 1203 2966; x_wconf 80' lang='lat' dir='ltr'>propria</span> 
     </span>
    </p>

    <p class='ocr_par' dir='ltr' id='par_1_17' title="bbox 915 2977 1383 3117">
     <span class='ocr_line' id='line_1_50' title="bbox 932 2977 1383 3048; baseline 0.002 -17"><span class='ocrx_word' id='word_1_290' title='bbox 932 2978 1099 3033; x_wconf 87' lang='lat' dir='ltr'>Praeferrem</span> <span class='ocrx_word' id='word_1_291' title='bbox 1141 2977 1315 3048; x_wconf 79' lang='lat' dir='ltr'>detorquere.</span> <span class='ocrx_word' id='word_1_292' title='bbox 1359 2977 1383 3033; x_wconf 86' lang='lat' dir='ltr'>si</span> 
     </span>
     <span class='ocr_line' id='line_1_51' title="bbox 915 3062 1200 3117; baseline -0.007 0"><span class='ocrx_word' id='word_1_293' title='bbox 915 3063 1061 3117; x_wconf 89' lang='lat' dir='ltr'>haberetur</span> <span class='ocrx_word' id='word_1_294' title='bbox 1077 3063 1106 3116; x_wconf 86' lang='lat' dir='ltr'>in</span> <span class='ocrx_word' id='word_1_295' title='bbox 1124 3062 1200 3117; x_wconf 89' lang='lat' dir='ltr'>codd.</span> 
     </span>
    </p>

    <p class='ocr_par' dir='ltr' id='par_1_18' title="bbox 874 3147 1382 3389">
     <span class='ocr_line' id='line_1_52' title="bbox 874 3147 1382 3219; baseline -0.006 -16"><span class='ocrx_word' id='word_1_296' title='bbox 874 3150 898 3183; x_wconf 84' lang='lat'>⁵⁸</span> <span class='ocrx_word' id='word_1_297' title='bbox 913 3150 946 3203; x_wconf 83' lang='lat' dir='ltr'><strong>A.</strong></span> <span class='ocrx_word' id='word_1_298' title='bbox 968 3149 999 3202; x_wconf 88' lang='lat' dir='ltr'>L.</span> <span class='ocrx_word' id='word_1_299' title='bbox 1015 3148 1052 3201; x_wconf 95' lang='grc' dir='ltr'>Μ.</span> <span class='ocrx_word' id='word_1_300' title='bbox 1070 3147 1101 3201; x_wconf 89' lang='lat' dir='ltr'>P.</span> <span class='ocrx_word' id='word_1_301' title='bbox 1119 3149 1225 3202; x_wconf 79' lang='lat' dir='ltr'>etiamsi</span> <span class='ocrx_word' id='word_1_302' title='bbox 1240 3148 1382 3219; x_wconf 71' lang='lat' dir='ltr'>contiaqat</span> 
     </span>
     <span class='ocr_line' id='line_1_53' title="bbox 915 3231 1381 3288; baseline -0.006 0"><span class='ocrx_word' id='word_1_303' title='bbox 915 3234 1063 3288; x_wconf 81' lang='lat' dir='ltr'>insomnis</span> <span class='ocrx_word' id='word_1_304' title='bbox 1083 3263 1118 3270; x_wconf 98' lang='lat'><em>-</em></span> <span class='ocrx_word' id='word_1_305' title='bbox 1138 3231 1169 3286; x_wconf 87' lang='lat' dir='ltr'>V.</span> <span class='ocrx_word' id='word_1_306' title='bbox 1189 3232 1296 3286; x_wconf 77' lang='lat' dir='ltr'>etiamsi</span> <span class='ocrx_word' id='word_1_307' title='bbox 1312 3236 1381 3288; x_wconf 84' lang='lat' dir='ltr'>cont.</span> 
     </span>
     <span class='ocr_line' id='line_1_54' title="bbox 914 3318 1093 3389; baseline 0 -18"><span class='ocrx_word' id='word_1_308' title='bbox 914 3319 942 3371; x_wconf 80' lang='lat' dir='ltr'>in</span> <span class='ocrx_word' id='word_1_309' title='bbox 959 3318 1093 3389; x_wconf 79' lang='lat' dir='ltr'>supremis</span> 
     </span>
    </p>

    <p class='ocr_par' dir='ltr' id='par_1_19' title="bbox 931 3401 1200 3456">
     <span class='ocr_line' id='line_1_55' title="bbox 931 3401 1200 3456; baseline 0.004 -1"><span class='ocrx_word' id='word_1_310' title='bbox 931 3403 961 3455; x_wconf 95' lang='lat' dir='ltr'><strong>P.</strong></span> <span class='ocrx_word' id='word_1_311' title='bbox 979 3401 1078 3455; x_wconf 90' lang='lat' dir='ltr'>omittit</span> <span class='ocrx_word' id='word_1_312' title='bbox 1095 3403 1200 3456; x_wconf 75' lang='grc'><strong>11111111·</strong></span> 
     </span>
    </p>

    <p class='ocr_par' dir='ltr' id='par_1_20' title="bbox 876 3485 1382 3811">
     <span class='ocr_line' id='line_1_56' title="bbox 876 3485 1382 3555; baseline 0 -15"><span class='ocrx_word' id='word_1_313' title='bbox 876 3488 900 3521; x_wconf 87' lang='grc'>55</span> <span class='ocrx_word' id='word_1_314' title='bbox 916 3486 949 3540; x_wconf 88' lang='lat' dir='ltr'>H.</span> <span class='ocrx_word' id='word_1_315' title='bbox 968 3502 1056 3555; x_wconf 81' lang='lat' dir='ltr'>neque</span> <span class='ocrx_word' id='word_1_316' title='bbox 1073 3485 1315 3540; x_wconf 80' lang='lat' dir='ltr'>inPaulum-A.</span> <span class='ocrx_word' id='word_1_317' title='bbox 1336 3502 1382 3540; x_wconf 83' lang='lat' dir='ltr'>ne-</span> 
     </span>
     <span class='ocr_line' id='line_1_57' title="bbox 917 3569 1380 3641; baseline -0.006 -17"><span class='ocrx_word' id='word_1_318' title='bbox 917 3572 1066 3641; x_wconf 68' lang='lat' dir='ltr'>curretiam</span> <span class='ocrx_word' id='word_1_319' title='bbox 1084 3569 1245 3624; x_wconf 85' lang='lat' dir='ltr'>Paulum—</span> <span class='ocrx_word' id='word_1_320' title='bbox 1263 3570 1295 3623; x_wconf 91' lang='lat' dir='ltr'><strong>L.</strong></span> <span class='ocrx_word' id='word_1_321' title='bbox 1304 3570 1336 3624; x_wconf 96' lang='grc' dir='ltr'>Ρ.</span> <span class='ocrx_word' id='word_1_322' title='bbox 1345 3571 1380 3623; x_wconf 86' lang='lat' dir='ltr'><strong>V.</strong></span> 
     </span>
     <span class='ocr_line' id='line_1_58' title="bbox 914 3653 1382 3724; baseline 0 -15"><span class='ocrx_word' id='word_1_323' title='bbox 914 3672 969 3709; x_wconf 82' lang='lat' dir='ltr'>nou</span> <span class='ocrx_word' id='word_1_324' title='bbox 997 3657 1024 3709; x_wconf 81' lang='grc'>111</span> <span class='ocrx_word' id='word_1_325' title='bbox 1052 3653 1132 3707; x_wconf 83' lang='lat' dir='ltr'>Paul.</span> <span class='ocrx_word' id='word_1_326' title='bbox 1160 3683 1193 3692; x_wconf 95' lang='lat'><em>-</em></span> <span class='ocrx_word' id='word_1_327' title='bbox 1227 3653 1265 3706; x_wconf 89' lang='lat' dir='ltr'>M.</span> <span class='ocrx_word' id='word_1_328' title='bbox 1293 3670 1382 3724; x_wconf 78' lang='lat' dir='ltr'>neque</span> 
     </span>
     <span class='ocr_line' id='line_1_59' title="bbox 913 3744 1020 3811; baseline -0.028 -17"><span class='ocrx_word' id='word_1_329' title='bbox 913 3744 1020 3811; x_wconf 83' lang='lat' dir='ltr'>patrem</span> 
     </span>
    </p>

    <p class='ocr_par' dir='ltr' id='par_1_21' title="bbox 873 3822 1274 3893">
     <span class='ocr_line' id='line_1_60' title="bbox 873 3822 1274 3893; baseline 0.002 -17"><span class='ocrx_word' id='word_1_330' title='bbox 873 3825 896 3858; x_wconf 83' lang='lat'>⁵¹</span> <span class='ocrx_word' id='word_1_331' title='bbox 914 3824 945 3876; x_wconf 88' lang='lat' dir='ltr'><strong>F.</strong></span> <span class='ocrx_word' id='word_1_332' title='bbox 964 3824 995 3877; x_wconf 89' lang='lat' dir='ltr'>P.</span> <span class='ocrx_word' id='word_1_333' title='bbox 1015 3825 1064 3893; x_wconf 80' lang='lat' dir='ltr'>qui</span> <span class='ocrx_word' id='word_1_334' title='bbox 1081 3823 1201 3893; x_wconf 81' lang='lat' dir='ltr'>loquitur</span> <span class='ocrx_word' id='word_1_335' title='bbox 1218 3822 1274 3877; x_wconf 79' lang='lat' dir='ltr'>illis</span> 
     </span>
    </p>

    <p class='ocr_par' dir='ltr' id='par_1_22' title="bbox 873 3906 1369 3979">
     <span class='ocr_line' id='line_1_61' title="bbox 873 3906 1369 3979; baseline 0.004 -18"><span class='ocrx_word' id='word_1_336' title='bbox 873 3909 896 3941; x_wconf 79' lang='lat'>⁵²</span> <span class='ocrx_word' id='word_1_337' title='bbox 913 3907 981 3961; x_wconf 90' lang='lat' dir='ltr'>Edd.</span> <span class='ocrx_word' id='word_1_338' title='bbox 999 3909 1145 3979; x_wconf 78' lang='lat' dir='ltr'>scriptores</span> <span class='ocrx_word' id='word_1_339' title='bbox 1162 3906 1249 3962; x_wconf 73' lang='lat' dir='ltr'>divini</span> <span class='ocrx_word' id='word_1_340' title='bbox 1264 3907 1369 3978; x_wconf 79' lang='lat' dir='ltr'>eloquii</span> 
     </span>
    </p>

    <p class='ocr_par' dir='ltr' id='par_1_23' title="bbox 932 3992 1139 4046">
     <span class='ocr_line' id='line_1_62' title="bbox 932 3992 1139 4046; baseline -0.005 -1"><span class='ocrx_word' id='word_1_341' title='bbox 932 3992 963 4045; x_wconf 86' lang='lat' dir='ltr'><strong>F.</strong></span> <span class='ocrx_word' id='word_1_342' title='bbox 981 3992 1139 4046; x_wconf 77' lang='lat' dir='ltr'>multisunt</span> 
     </span>
    </p>
   </div>
   <div class='ocr_carea' id='block_1_10' title="bbox 0 0 1481 5040">
    <p class='ocr_par' dir='ltr' id='par_1_24' title="bbox 0 0 1481 5040">
     <span class='ocr_line' id='line_1_63' title="bbox 0 0 1481 5040; baseline 0 0"><span class='ocrx_word' id='word_1_343' title='bbox 0 0 1481 5040; x_wconf 95' lang='lat' dir='ltr'> </span> 
     </span>
    </p>
   </div>
  </div>
 </body>
</html>
