2940 5040
268 361 309 423 38
572 360 706 416 DANTIS
724 360 942 415 MONARCHIA
959 361 992 414 II.
1011 377 1033 415 c.
1054 366 1075 415 1.

269 533 452 602 medullitus
480 535 588 599 oculos
618 534 733 600 mentis
761 532 865 616 infixi,
902 537 934 598 et
961 553 1019 617 per
1048 532 1268 599 efficacissima
1298 534 1385 615 signa

269 635 410 702 divinam
432 635 665 721 providentiam
681 634 742 702 hoc
765 634 908 700 effecisse
932 635 1081 719 cognovi,
1104 635 1317 702 admiratione
1340 657 1384 702 ce·

269 737 380 818 dente,
404 737 543 802 derisiva
565 736 723 819 quaedam
746 735 926 820 supervenit
949 735 1127 822 despectio,
1157 756 1254 818 quum
1276 743 1385 820 gentes

219 860 250 912 15
268 839 410 906 noverim
439 843 547 905 contra
580 839 716 904 Romani
749 837 860 923 populi
895 838 1177 920 praeeminentiam
1211 839 1385 922 fremuisse,

269 960 365 1022 quum
394 940 519 1005 videam
555 941 689 1025 populos
717 959 800 1004 vana
828 936 1036 1022 meditamen,
1071 946 1105 1005 ut
1133 941 1202 1025 ipse
1233 941 1385 1024 solebam,

269 1063 364 1125 quum
385 1041 514 1127 insuper
537 1041 678 1125 doleam,
701 1043 805 1123 Reges
827 1045 859 1105 et
880 1039 1045 1123 Principes
1075 1041 1108 1105 in
1130 1043 1191 1108 hoc
1212 1041 1293 1108 vitio
1318 1063 1385 1108 con-

268 1144 449 1225 cordanteS,
473 1149 507 1207 ut
529 1141 736 1209 adversentur
750 1142 887 1208 Domino
911 1160 978 1225 suc,
1001 1147 1033 1208 et
1054 1142 1147 1208 unico
1170 1162 1227 1209 suo
1243 1143 1385 1212 Romano

268 1245 415 1330 Principi.
460 1244 595 1329 Propter
623 1244 709 1326 quod
737 1243 892 1326 derisive,
922 1262 985 1306 non
1013 1242 1082 1309 sine
1104 1242 1214 1310 dolore
1239 1245 1385 1329 quodam,

216 1369 249 1421 20
268 1368 339 1414 cum
360 1345 435 1412 illo
459 1345 596 1410 clamare
618 1366 747 1429 possum
775 1366 832 1430 pro
861 1343 980 1429 populo
1002 1342 1142 1425 glorioso
1171 1349 1205 1410 et
1227 1366 1285 1430 pro
1310 1347 1384 1414 an-

268 1469 354 1532 sare,
384 1447 439 1528 qui
460 1466 517 1530 pro
546 1447 692 1530 Principe
716 1447 806 1513 Coeli
835 1443 1009 1511 clamabat:
1043 1447 1169 1529 „Quare
1194 1447 1386 1514 fremuerunt

268 1554 388 1632 gentes,
412 1552 444 1613 et
458 1548 569 1631 popuii
583 1547 729 1613 meditati
750 1552 823 1613 sunt
844 1546 975 1611 inania?
998 1545 1197 1613 Adstiterunt
1211 1567 1305 1630 reges
1328 1555 1384 1615 ter-

267 1671 337 1734 rae,
360 1655 392 1717 et
410 1649 571 1733 principes
599 1655 813 1716 convenerunt
835 1649 869 1714 in
890 1667 1002 1733 unum,
1028 1648 1183 1716 adversus
1205 1649 1385 1735 Dominum,

268 1760 300 1817 et
321 1751 473 1816 adversus
495 1749 655 1817 Christum
678 1749 777 1835 ejus.“

216 1879 248 1929 25
352 1852 469 1918 Verum
493 1850 582 1936 (quia
604 1854 758 1918 naturalis
784 1873 872 1918 amor
895 1850 1073 1917 diuturnam
1101 1871 1171 1920 esse
1194 1850 1385 1920 derisionem

269 1973 331 2019 non
352 1953 486 2039 patitur,
509 1955 567 2022 sed
588 1961 623 2021 ut
644 1958 692 2024 sol
715 1954 871 2038 aestivus,
896 1954 950 2035 qui
972 1953 1116 2038 disjectis
1137 1955 1264 2020 nebulis
1286 1963 1384 2021 matu-

267 2054 342 2121 tinis
364 2055 469 2122 oriens
491 2058 669 2125 luculentus
690 2057 839 2139 irradiat,
863 2055 1021 2122 derisione
1043 2055 1170 2139 omissa,
1194 2056 1299 2124 lucem
1322 2079 1385 2124 cor-

296 2291 317 2323 ¹⁰
334 2288 367 2345 L.
385 2307 456 2346 cana
474 2293 576 2363 canape
594 2293 662 2348 racd.
877 2290 900 2321 ²⁰
917 2288 1008 2343 Verba
1022 2307 1077 2360 pro
1091 2290 1199 2361 populo
1224 2323 1259 2331 —
1281 2292 1386 2348 clama·

295 2376 315 2407 ¹⁷
333 2374 365 2427 F.
382 2374 416 2428 H.
434 2374 467 2430 L.
484 2376 557 2428 P.-
572 2376 609 2430 M.
628 2379 657 2431 ia
674 2376 726 2432 icoc
742 2379 798 2431 cic·
921 2375 966 2429 bat
984 2374 1082 2430 desunt
1099 2375 1127 2429 in
1145 2374 1176 2428 F.

334 2458 491 2523 cula-A.
510 2461 543 2515 V.
562 2466 589 2514 et
608 2460 678 2516 Edd.
697 2468 750 2516 ant.
770 2462 798 2515 iu
935 2458 972 2512 M.
989 2461 1037 2530 pio
1056 2459 1172 2515 Caesare

332 2541 384 2598 hoc
400 2545 482 2598 unico
492 2573 527 2583 -—
541 2545 616 2598 Frat.
633 2547 661 2598 in
675 2543 727 2598 hoc
743 2560 799 2597 uno
878 2544 901 2575 ²⁵
918 2543 952 2596 H.
969 2545 1132 2598 victoruictor

296 2627 317 2660 ¹⁸
334 2627 372 2680 M.
395 2628 544 2682 concordes
567 2634 597 2682 ai
622 2630 680 2684 ado.
707 2659 739 2668 -
765 2628 797 2681 F.
876 2629 900 2660 ²⁰
917 2628 949 2681 L.
974 2628 1004 2680 P.
1028 2629 1141 2700 dejectis
1163 2631 1270 2686 nebulis
1293 2662 1324 2670 -
1353 2633 1384 2685 A.

334 2713 543 2780 concordantes,
561 2730 616 2767 non
633 2721 664 2767 ut
681 2713 741 2767 ado.
918 2713 1030 2767 desertis
1046 2715 1104 2769 reeb.

351 2799 384 2850 A.
402 2796 435 2852 H.
454 2799 486 2852 L.
504 2798 541 2852 M.
562 2798 594 2852 V.
614 2801 641 2853 et
658 2798 746 2853 Ficin.
765 2827 799 2838 -
877 2799 900 2830 ²⁷
917 2799 950 2850 A.
971 2799 1057 2852 ocutis
1074 2802 1133 2869 (pro
1152 2801 1252 2860 oriens>

333 2881 365 2935 F.
384 2880 414 2935 P.
433 2888 460 2937 et
476 2882 547 2938 Edd.
566 2884 666 2952 antiqu.
685 2889 767 2937 uncto
934 2882 966 2935 F.
984 2882 1018 2936 H.
1035 2884 1066 2937 L.
1086 2884 1125 2937 M.
1147 2883 1178 2937 P.
1197 2884 1231 2939 V.
1254 2913 1290 2924 —
1308 2885 1341 2938 A.
1359 2891 1385 2940 et

913 2967 1386 3024 Edd.lacaleater.Anlucaleatias?

266 3187 324 3225 mos
342 3186 427 3239 usque
445 3171 566 3226 adfines
584 3172 657 3226 orbis
674 3170 839 3238 invadendo,
857 3171 1034 3240 expugnando
1052 3177 1080 3226 et
1097 3171 1279 3241 subjiciendo,
1299 3177 1327 3228 et
1344 3175 1384 3228 in·

267 3238 387 3293 terfectis
410 3240 452 3293 vel
474 3239 583 3295 remotis
606 3239 739 3307 Regibus,
764 3255 857 3294 eorum
878 3254 962 3308 regna
978 3240 1006 3294 in
1024 3240 1176 3308 provincias
1195 3241 1341 3308 redigendo
1359 3247 1386 3296 et

267 3308 317 3361 sub
336 3323 415 3361 suum
429 3308 523 3376 jugum
541 3314 568 3361 et
590 3308 732 3379 imperium
757 3307 929 3362 coercendo.“
953 3337 985 3346 -
1008 3307 1048 3361 of.
1067 3309 1210 3363 Anonorus
1229 3309 1386 3365 Conuiuium

265 3374 314 3428 IV.
334 3380 350 3428 4
369 3374 519 3441 „Potrebbe
536 3377 635 3431 alcano
654 3376 796 3442 cavillare,
814 3375 928 3429 dicendo
946 3374 994 3429 cde
1013 3417 1019 3428 .
1039 3416 1044 3427 .
1064 3418 1069 3428 .
1090 3415 1095 3426 .
1116 3376 1142 3430 ia
1158 3394 1274 3432 cornaaa
1285 3385 1386 3449 poten·

266 3444 312 3498 zia
329 3459 384 3497 aon
396 3460 451 3513 per
463 3445 586 3515 capione,
603 3446 636 3498 ne
649 3460 698 3510 per
711 3444 818 3497 decreto
828 3444 859 3496 de·
867 3451 997 3498 convento
1006 3444 1158 3498 universale
1173 3445 1208 3514 fa
1222 3462 1256 3500 ac
1275 3448 1385 3512 uastata,

265 3527 310 3566 mc
328 3527 384 3583 per
405 3511 504 3590 sacza,
528 3511 655 3566 cacalia
677 3513 1153 3583 rapionepcreesscrcontraric‘.
1227 3515 1248 3547 ¹⁶
1288 3515 1386 3569 striam

266 3579 386 3634 auctoris
403 3579 465 3634 rnde
483 3581 597 3648 aprima
613 3581 672 3649 ejus
690 3579 806 3649 pueritia
814 3579 988 3633 dominabant
998 3579 1126 3648 Gnelphi,
1144 3581 1301 3663 intorques
1320 3584 1386 3639 ado·

265 3648 385 3712 lassans,
403 3654 430 3701 ct
446 3663 464 3700 a
480 3648 613 3704 Brunetto
628 3648 734 3711 Latino,
753 3647 892 3717 Guelphae
909 3648 980 3716 parti
997 3647 1068 3702 inter
1077 3648 1216 3718 primores,
1234 3651 1384 3718 mstitutus,

267 3730 329 3769 cnm
353 3714 483 3784 Gueiphis
508 3717 609 3771 sentire
632 3715 774 3770 admodum
794 3715 900 3784 juvenis
921 3714 1058 3769 didicerat.
1104 3715 1270 3786 Neutiquam
1293 3724 1386 3774 tamen

267 3783 459 3837 admittendum
477 3790 526 3849 est,
544 3785 659 3838 Dantem
673 3800 754 3852 quum
771 3783 811 3837 ita
828 3783 946 3837 sentiens
963 3784 1079 3851 primum
1095 3785 1272 3840 Monarchiae
1285 3786 1386 3842 librum

268 3852 477 3920 composuisset,
495 3853 569 3907 hisce
586 3852 687 3916 verbis,
706 3867 734 3905 se
752 3851 858 3905 interim
875 3852 903 3905 in
921 3868 955 3920 op
976 3852 1073 3905 ositam
1088 3852 1304 3908 Ghibellinorum
1321 3871 1384 3925 par·

268 3924 322 3974 tem
330 3920 537 3987 transmigrasse
548 3922 668 3974 innuere.
736 3920 756 3951 ¹⁷
774 3919 882 3986 Reges
901 3925 934 3973 et
951 3868 1067 3973 Princi
1096 3935 1141 3986 es,
1161 3922 1300 3991 Guelphos
1318 3930 1386 3992 puta

267 3992 323 4040 tam
335 3988 452 4054 Italicos,
466 4004 550 4109 fluam
568 3992 644 4043 extra
656 3987 770 4052 Italiam,
789 3986 996 4050 utCarolumII.
1015 3988 1059 4041 An
1081 4003 1236 4056 egarensem
1246 3991 1306 4045 Nea
1327 3993 1384 4057 olis,

267 4057 296 4108 et
304 4055 458 4126 Philippum
490 4057 614 4111 ulchrum
624 4056 727 4110 Galliae
735 4056 823 4124 Reges
872 4057 896 4088 ²⁰
911 4054 1104 4111 efaocroms
1113 4056 1276 4114 Paradisum
1325 4065 1383 4115 .31.

469 4141 572 4197 Percdc
590 4149 619 4195 tc
635 4143 717 4212 cccci
732 4158 783 4197 eon
800 4146 904 4212 pacata
921 4142 1035 4211 capione

504 4208 537 4264 Si
552 4225 648 4264 maooe
664 4215 759 4264 contra
776 4209 798 4263 r'l
813 4215 972 4264 sacrosacta
989 4225 1087 4279 separo,

504 4277 532 4331 Ε
547 4277 592 4332 edi
608 4278 626 4329 'i
641 4278 830 4348 §appropria
848 4292 864 4330 c
880 4276 927 4331 cdi
942 4294 960 4330 a
979 4277 1019 4330 iai
1034 4279 1171 4348 s'oppoac.
