2940 5040
291 345 330 404 70
590 344 725 400 DANTIS
742 344 963 400 MONARCHIA
978 345 1014 399 11.
1033 344 1063 398 0.
1081 350 1105 399 9.

238 537 289 605 ²52
375 515 553 600 Secundus,
583 516 781 599 Vesoges,
814 537 872 582 rex
900 516 1059 602 Aegypti,
1093 517 1135 582 ad
1168 516 1230 585 hoc
1264 519 1405 587 bravium

291 618 440 702 spiravit:
463 623 494 686 et
517 618 662 700 quamvis
683 617 851 684 Meridiem
875 623 972 700 atque
995 618 1255 704 Septentrionem
1277 622 1311 686 in
1333 623 1407 689 Asia

290 720 517 805 exagitaverit,
548 726 582 785 ut
604 720 772 788 Orosius
798 726 952 787 memorat
959 770 968 804 ,
997 740 1158 803 nunquam
1187 727 1298 789 tamen
1320 723 1406 789 dimi-

290 822 376 888 diam
396 827 521 907 partem
543 823 629 889 orbis
651 821 803 906 obtinuit,
829 823 969 904 quinimo
992 842 1012 886 a
1035 821 1181 908 Scythis,
1211 823 1297 891 inter
1319 824 1407 908 quasi

289 924 483 990 athlothetas
495 930 527 990 et
544 924 720 1008 terminum,
737 925 779 989 ab
791 924 939 1007 incoepto
951 943 1008 990 suo
1025 925 1194 991 temerario
1207 931 1256 992 est
1268 948 1406 995 aversus.

239 1048 271 1099 30
372 1024 498 1094 Deinde
514 1026 641 1112 Cyrus
664 1046 721 1091 rex
736 1027 903 1092 Persarum
918 1024 1055 1092 tentavit
1068 1025 1139 1110 hoc,
1163 1027 1226 1111 qui,
1241 1029 1407 1116 Babylone

289 1128 460 1211 destructa,
482 1128 679 1213 imperioque
702 1127 877 1212 Babylonis
899 1126 942 1191 ad
956 1128 1070 1194 Persas
1092 1130 1258 1214 translato,
1282 1152 1342 1198 nec
1355 1133 1406 1200 ad-

287 1230 350 1296 hue
370 1237 479 1315 partes
502 1228 716 1295 occidentales
739 1233 905 1312 expertus,
931 1230 991 1294 sub
1013 1229 1176 1296 Tamiride
1198 1232 1311 1313 regina
1334 1232 1405 1320 Scy-

288 1332 414 1397 tharum
436 1331 535 1396 vitam
558 1330 652 1395 simul
675 1336 707 1396 et
728 1330 935 1397 intentionem
962 1329 1117 1415 deposuit.

372 1435 450 1498 Post
478 1431 537 1497 hos
565 1453 641 1498 vero
664 1433 835 1515 Xerxes,
865 1431 956 1497 Darii
984 1431 1069 1497 filius
1098 1439 1130 1498 et
1155 1455 1214 1500 rex
1236 1435 1271 1499 in
1293 1437 1404 1522 Persis,

239 1557 271 1608 35
289 1553 360 1598 cum
382 1538 471 1597 tanta
492 1534 634 1615 gentium
656 1533 859 1599 multitudine
887 1533 1038 1598 mundum
1058 1534 1193 1617 invasit,
1224 1556 1298 1603 cum
1320 1543 1404 1603 tanta

288 1637 448 1722 potentia,
478 1641 514 1699 ut
541 1635 709 1700 transitum
736 1635 833 1701 maris
840 1685 848 1718 ,
884 1635 995 1700 Asiam
1029 1637 1070 1702 ab
1099 1636 1229 1721 Europa
1262 1634 1415 1708 dirimenss

289 1738 345 1822 tis,
378 1739 461 1804 inter
496 1735 611 1803 Seston
645 1742 676 1802 et
711 1736 865 1821 Abydon,
906 1742 1002 1821 ponte
1044 1739 1251 1822 superaverit.
1312 1739 1405 1825 Cujus

315 1942 339 1974 ²⁵
354 1941 385 1994 P.
411 1939 470 1994 Sec.
503 1939 619 1994 Vesozer
643 1969 678 1978 -
703 1938 741 1993 M.
760 1937 821 1994 Sec.

362 2025 473 2080 Veteres
490 2025 566 2077 -Α,
584 2022 644 2078 Sca.
669 2023 823 2078 Vasates-

355 2110 387 2163 L.
412 2108 472 2164 Sec.
501 2108 612 2163 Veloaes
645 2139 680 2148 -
713 2108 747 2161 H.
774 2109 823 2162 scd

354 2193 504 2249 Smesortes
514 2225 547 2231 —
560 2193 634 2247 RV.
644 2192 702 2248 Sec.
722 2193 822 2246 Xerses

356 2309 387 2319 -
405 2280 496 2332 Etiam
519 2279 547 2331 in
565 2277 654 2333 Orosii
678 2284 705 2332 et
721 2277 823 2344 Justini

356 2365 399 2429 (II.
423 2368 458 2429 3.)
489 2362 564 2417 codd.
592 2363 679 2416 variat
706 2362 821 2416 nominis

355 2448 498 2517 scriptura.
588 2453 590 2458 ’

313 2533 336 2566 22
353 2532 383 2585 Ρ.
402 2532 535 2601 aspiravit

313 2617 337 2650 ²⁷
353 2616 384 2670 P.
402 2630 452 2685 pro
476 2618 658 2687 eaayr‘taaerit
680 2616 762 2670 habet
784 2633 822 2671 cx

355 2699 549 2771 eqpto'ucatt

314 2785 338 2818 ²⁸
354 2785 392 2838 M.
407 2783 545 2838 dimidiam
557 2789 668 2856 partem
682 2785 777 2839 mandi
789 2815 820 2824 -

354 2869 387 2922 P.
406 2868 499 2924 dimid.
519 2870 592 2925 orbis

313 2956 344 3022 22,
364 2956 387 2988 22
402 2955 495 3009 Verba
512 2957 583 3008 inter
600 2956 720 3024 quast-
732 2954 821 3008 termi-

353 3056 430 3106 num,
457 3055 527 3109 quae
545 3054 630 3107 neque
652 3038 725 3108 apud
748 3037 820 3092 Fici-

353 3141 430 3190 num,
454 3139 540 3193 neque
564 3125 592 3178 in
619 3124 693 3178 editt.
719 3123 821 3178 haben-

354 3215 405 3273 tur,
423 3210 542 3264 auetoris
562 3224 636 3274 esse,
661 3209 753 3278 nequit
770 3208 821 3262 du·

353 3294 442 3354 bitari,
460 3312 550 3363 quum,
559 3296 620 3364 plus
630 3294 751 3348 minusve
761 3310 821 3348 cor·

354 3386 448 3447 rupta,
482 3379 510 3433 in
536 3379 659 3434 omnibus
685 3378 819 3446 legantur.

353 3463 472 3518 Exstant
490 3464 581 3532 qualia
603 3466 631 3517 in
649 3469 727 3517 textu
744 3463 820 3516 exhi-

353 3547 452 3602 bentur
469 3549 497 3603 in
514 3549 546 3602 F.
565 3549 595 3602 P.
614 3555 640 3603 et
657 3549 689 3602 V.
708 3578 740 3586 —
764 3547 817 3601 Pro

354 3634 436 3702 quast
450 3633 483 3686 A.
507 3633 590 3687 habet
608 3649 690 3703 quor,
714 3632 747 3685 H.
767 3649 819 3702 que

353 3716 457 3772 —Pro
475 3716 633 3783 actitaretur,
655 3715 687 3769 V.
706 3714 819 3769 athleto-

355 3809 410 3866 tas,
437 3802 468 3854 L.
492 3808 521 3857 et
545 3795 759 3865 mortomar,
785 3802 818 3853 A.

940 1935 1083 1999 attuleras,
1120 1944 1147 1992 et
1174 1956 1223 2009 pro
1251 1943 1404 2008 terminum,

939 2023 972 2076 L.
991 2024 1131 2077 terimaam

900 2107 924 2140 ³⁰
940 2107 1010 2161 Edd.
1030 2106 1176 2163 Persarum
1193 2126 1248 2165 rea

956 2191 989 2244 F.
1008 2194 1135 2246 tractavit
1152 2193 1203 2248 boc

900 2276 922 2308 ³¹
941 2275 1010 2329 Edd.
1030 2293 1079 2331 aec
1097 2277 1205 2347 quidem
1222 2278 1315 2334 adbuc

899 2360 923 2392 ³²
942 2332 1078 2415 samaria
1094 2362 1221 2417 exornent
1237 2364 1270 2417 s.
1280 2365 1315 2419 Η.
1327 2364 1364 2419 m.
1374 2366 1404 2419 v.

940 2476 975 2485 -
1000 2445 1154 2501 ibamt'ride
1183 2452 1255 2513 (cum
1281 2435 1405 2504 Venusto

940 2530 1058 2584 Maxumo
1076 2531 1123 2583 IX.
1144 2536 1182 2585 10.
1202 2538 1255 2587 ext.
1277 2538 1310 2601 1.)
1328 2534 1362 2587 A.
1376 2535 1405 2588 P.

940 2645 974 2651 —
1009 2613 1167 2670 Tbamert'de
1184 2617 1216 2671 L.
1245 2647 1277 2656 —
1308 2617 1408 2673 Tamirt'

941 2700 1045 2753 Auctor
1059 2705 1150 2754 noster
1167 2700 1195 2754 in
1204 2701 1286 2771 Purg.
1295 2703 1358 2756 XII.
1369 2709 1406 2758 56.

939 2813 974 2821 —
982 2783 1052 2838 Edd.
1064 2800 1125 2839 cum
1135 2785 1237 2840 Onosro
1247 2786 1282 2840 Π.
1294 2793 1319 2841 t.
1336 2788 1406 2843 aliis-

941 2883 992 2936 que
1012 2867 1147 2925 Tomirr'dc

899 2953 922 2986 ³³
939 2952 973 3006 H.
992 2953 1025 3007 L.
1041 2954 1078 3007 M.
1092 2955 1210 3008 V.—A.
1229 2956 1311 3010 vitam
1329 2957 1408 3012 simut

940 3043 966 3092 et
983 3039 1209 3094 detentione—F.
1227 3040 1258 3094 P.
1278 3043 1406 3096 citatim.

940 3127 966 3175 et
993 3124 1140 3178 intentione
1167 3155 1200 3163 —
1226 3125 1298 3179 Edd.
1326 3129 1405 3181 vitam

940 3207 1023 3260 simul
1039 3223 1099 3261 cam
1118 3210 1266 3264 t’ateatioae

899 3292 923 3324 ³⁵
940 3291 975 3345 H.
994 3293 1094 3346 invasit
1110 3298 1137 3346 ct
1154 3310 1214 3348 cum

898 3376 921 3409 ³⁰
939 3378 1070 3430 transitus
1086 3379 1171 3432 martir
1194 3379 1296 3435 habent
1315 3395 1404 3437 omnes

940 3461 1016 3516 codd.

896 3546 918 3578 ³⁷
935 3545 1005 3600 Edd.
1024 3552 1079 3600 ant.
1097 3547 1221 3618 Abydum

953 3632 985 3684 L.
998 3637 1112 3703 pontem
1129 3648 1189 3703 sap.

957 3717 986 3769 P.
1004 3715 1036 3768 V.
1056 3718 1196 3789 superavit

356 3988 378 4020 ²⁷
397 3987 513 4042 Onustus
535 3988 637 4043 Hister.
660 3986 682 4039 1.
709 3991 747 4039 14.
836 3986 859 4018 ²²
882 3987 1039 4041 Aucuoann
1065 3986 1093 4040 id
1116 3986 1266 4056 significare
1290 3989 1405 4046 voluisse

287 4062 367 4134 puto,
392 4055 464 4123 quod
482 4056 599 4124 Vesoges
618 4055 669 4119 (vel
686 4054 812 4120 Venonis)
838 4054 873 4108 ad
896 4055 1016 4108 ultimam
1042 4056 1099 4124 jam
1122 4055 1177 4110 fere
1200 4061 1312 4122 metam,
1337 4058 1405 4113 inter

285 4122 389 4191 judices
408 4123 560 4178 certaminis
580 4131 606 4178 et
623 4125 711 4192 ipsum
729 4123 879 4189 terminum,
898 4124 1056 4192 pervenerit,
1076 4140 1157 4192 quum
1175 4123 1307 4192 aScythis
1326 4143 1404 4196 supe·

287 4196 401 4246 raretur.
435 4191 536 4245 Vocem
554 4191 763 4246 atblotbetaram
785 4207 817 4245 ex
832 4192 1019 4246 Au1suounn1s
1042 4192 1106 4245 Eth.
1130 4191 1234 4245 Nicom.
1253 4192 1274 4246 I.
1295 4198 1319 4248 2.
1337 4196 1405 4250 hau·

288 4259 353 4313 sisse
370 4259 475 4312 videtur
492 4266 590 4314 noster.
