2940 5040
201 337 261 399 136
448 337 583 392 DANTIS
601 336 820 392 MONARCHIA
837 336 884 390 III.
904 335 934 390 Ο.
955 339 994 390 16.
1013 339 1075 403 115.)

150 533 181 584 10
284 509 337 574 Ad
364 509 458 592 hujus
487 513 592 575 autem
620 508 864 590 intelligentiam
894 506 1072 589 sciendum,
1109 506 1194 588 quod
1223 506 1323 574 homo

200 612 287 676 solus
308 611 342 674 in
365 611 490 675 entibus
518 614 606 677 tenet
634 611 774 676 medium
803 608 1055 691 corruptibilium
1078 614 1110 672 et
1131 608 1319 693 incorrupti-

200 711 326 795 bilium,
355 716 485 796 propter
513 713 599 794 quod
630 717 715 778 recte
744 732 764 775 a
786 710 987 795 philosophis
1010 708 1212 774 adsimilatur
1234 711 1319 776 hori-

200 812 293 896 zonti,
317 814 370 895 qui
393 821 441 880 est
455 814 594 879 medium
613 815 745 880 duorum
760 812 1074 897 hemisphaeriorum.
1112 813 1196 877 Nam
1213 814 1323 896 homo,

200 915 227 982 si
250 915 465 981 consideretur
487 916 658 982 secundum
680 920 847 995 utramque
869 919 994 997 partem
1016 914 1236 997 essentialem,
1261 916 1320 980 sei-

152 1025 182 1076 15
201 1017 275 1083 licet
303 1017 441 1081 animam
476 1022 508 1082 et
540 1038 668 1102 eorpus:
701 1015 914 1099 corruptibilis
944 1020 1008 1097 est,
1044 1015 1070 1080 si
1104 1015 1322 1082 consideretur

200 1123 322 1183 tantum
352 1118 523 1183 secundum
551 1139 660 1202 unam,
691 1118 813 1184 scilicet
835 1136 963 1200 corpus,
995 1117 1022 1180 si
1045 1137 1120 1182 vero
1143 1117 1320 1183 secundum

200 1222 349 1302 alteram,
379 1220 499 1285 scilieet
521 1222 675 1303 animam,
705 1217 952 1301 inconuptibilis
975 1225 1032 1283 est.
1077 1220 1211 1302 Propter
1234 1218 1320 1301 quod

200 1321 570 1405 bencPhilosophus
592 1321 694 1402 inquit
716 1308 763 1386 de¹
778 1321 857 1404 ipsa,
881 1324 975 1403 prout
996 1320 1245 1404 incorruptibilis
1263 1326 1320 1404 cst,

200 1421 394 1488 insecundo
417 1421 457 1486 de
479 1423 603 1505 Anima,
627 1442 722 1503 quum
746 1422 841 1487 dixit:
874 1422 936 1504 „Et
958 1422 1060 1486 solum
1082 1424 1143 1487 hoc
1167 1422 1322 1504 contingit

151 1533 184 1584 11
202 1524 359 1608 separari,
382 1528 544 1604 tamquam
566 1529 768 1609 perpetuum,
791 1544 811 1588 a
833 1508 1061 1607 corfuptibilif‘

289 1622 324 1688 si
352 1643 426 1706 ergo
455 1625 549 1690 homo
578 1623 716 1689 medium
746 1624 907 1706 quoddam
937 1628 985 1689 est
1015 1625 1266 1708 corruptibilium
1290 1632 1321 1692 et

201 1726 501 1810 incorruptibilium,
526 1747 621 1808 quum
644 1747 736 1792 omne
758 1725 899 1792 medium
921 1725 1027 1810 sapiat
1048 1731 1193 1790 naturam
1218 1732 1320 1792 extre-

184 1848 339 1911 2morum5
375 1847 504 1894 necesse
533 1833 595 1911 est,
633 1829 792 1894 hominem
821 1847 935 1912 sapere
970 1833 1137 1908 utramque
1165 1834 1320 1897 naturam.

232 2021 253 2052 ¹⁰
269 2019 307 2073 M.
333 2019 470 2074 sciendum
494 2026 532 2072 est
557 2020 631 2089 ptioil
656 2019 735 2074 honio

270 2134 302 2144 -
320 2103 350 2156 P.
370 2110 409 2158 est
426 2104 525 2158 saiand.
542 2105 616 2174 quod
633 2103 711 2158 bomo

231 2192 250 2222 ¹¹
268 2190 359 2244 Verba
376 2193 401 2242 el
419 2190 664 2259 incorruptibilium
680 2206 734 2243 non

854 2020 970 2074 secondo
988 2020 1011 2073 il
1018 2034 1101 2090 corpo
1119 2021 1322 2088 icorruttibile,

853 2104 968 2159 secondo
987 2104 1097 2158 lurrimo
1115 2121 1169 2158 iton
1194 2108 1322 2160 corruiti-

854 2190 905 2244 lite
911 2209 922 2252 ;
931 2204 1017 2257 neque
1027 2187 1105 2242 aliter
1113 2189 1246 2258 interpres
1256 2207 1322 2245 ano-

269 2274 395 2343 leguntur
411 2273 439 2326 in
456 2274 489 2326 A.
508 2274 539 2326 F.
559 2280 586 2327 et
602 2275 632 2327 P.
852 2290 955 2343 nymus‚
975 2273 1053 2341 cujus
1068 2273 1247 2340 fragmentum
1265 2276 1321 2329 edi-

231 2361 253 2393 ¹²
269 2360 301 2413 F.
325 2365 398 2413 recte
417 2357 600 2429 Philosophus
623 2360 733 2414 adsimi—
852 2358 1014 2412 ditTurrius
1033 2358 1059 2411 lo
1068 2374 1156 2424 uomo,
1174 2375 1203 2412 se
1221 2362 1247 2414 si
1259 2377 1323 2414 con-

272 2444 345 2497 lutur
853 2443 944 2496 sideru
968 2442 1084 2497 secondo
1103 2443 1175 2497 lurra
1199 2444 1323 2499 elultru

232 2530 253 2562 ¹¹
270 2529 381 2592 Locum,
393 2516 565 2596 caeteroquin
576 2528 642 2582 satis
657 2544 734 2596 aper·
850 2535 933 2598 purte
950 2528 1105 2593 essentiale,
1132 2529 1189 2582 cioi
1204 2518 1323 2584 secondo

269 2619 335 2676 tum,
353 2612 418 2665 mire
436 2615 591 2680 corruptum
610 2612 737 2666 exhibent
856 2605 965 2665 loribus
984 2611 1136 2682 eilcorpo:
1155 2615 1324 2669 corruitibile

271 2697 345 2752 codd.
380 2696 426 2750 Nil
442 2697 493 2750 nisi
511 2697 603 2761 homo,
627 2699 652 2752 si
672 2713 735 2750 cori·
855 2697 881 2759 i,
901 2697 957 2751 eloi
981 2712 1010 2748 se
1026 2695 1142 2750 secondo
1160 2697 1182 2751 il
1199 2715 1284 2769 corpo
1309 2701 1323 2752 i

271 2782 404 2835 sineretur
420 2782 566 2836 secundum
590 2789 641 2835 utu
658 2789 734 2853 part.

271 2869 366 2920 essent.
375 2867 432 2921 scil.
448 2869 565 2920 unimam
584 2873 609 2920 et
627 2883 735 2938 corpus,

271 2952 456 3019 corruptibilis
479 2960 517 3005 est
536 2952 635 3005 habent
651 2953 685 3004 H.
703 2952 733 3004 L.

856 2780 1041 2844 curandorum
1075 2781 1191 2835 secondo
1224 2783 1323 2849 lultru,

855 2866 911 2920 cici
928 2865 1052 2926 Porrima,
1078 2867 1091 2916 ri
1115 2868 1321 2922 incorruttibile.

855 2949 974 3016 Quorum
999 2951 1116 3018 vestigiis
1141 2951 1321 3020 inhaerentes,

270 3035 308 3089 M.
327 3066 361 3073 -—
385 3037 411 3088 sl
427 3037 614 3090 corrsicleretur
632 3042 735 3088 tuntum

270 3119 416 3174 seecundum
438 3137 534 3183 urium,
559 3121 660 3175 scilicet
686 3126 735 3183 (se-

271 3204 388 3259 cundum
412 3202 535 3284 inserunt
564 3203 649 3269 editt.)
678 3205 735 3257 nru-

270 3305 349 3350 mum,
360 3289 575 3360 incorruptibilis
584 3294 623 3342 est
633 3289 736 3343 addunt

272 3374 303 3426 A.
327 3373 358 3425 F.
384 3373 413 3426 P.
432 3375 465 3427 V.
501 3405 532 3412 -
559 3373 670 3426 Ficinus
695 3374 736 3426 ita

271 3456 370 3511 reddit:
394 3474 423 3512 sc
442 3458 537 3512 luomo
554 3460 580 3511 si
593 3458 735 3512 corrsideru

271 3541 388 3597 secondo
400 3582 473 3595 .....
492 3543 583 3595 unirno
601 3559 616 3595 e
633 3557 735 3614 corpo;

855 3050 922 3103 quae
950 3051 1048 3104 corpus
1076 3038 1251 3105 corruptibile
1278 3055 1321 3093 re·

855 3119 986 3188 spiciunt,
1004 3121 1137 3188 probante
1155 3121 1322 3188 Fraticellio‚

853 3205 909 3272 jam
928 3204 1028 3257 dudum
1046 3203 1205 3260 addidimus.

816 3289 838 3322 ¹⁸
854 3289 892 3342 M.
908 3296 935 3342 et
951 3289 1061 3343 Ficinus
1079 3290 1167 3358 inquit
1185 3291 1218 3344 ile
1235 3294 1297 3362 ipsu

814 3374 845 3438 ²¹,
864 3375 888 3406 ²²
906 3373 996 3427 Verba
1019 3380 1045 3427 et
1074 3376 1321 3446 incorruptibilium

814 3529 816 3535 Ι
855 3457 1039 3512 desiderantur
1055 3459 1083 3512 in
1101 3459 1133 3511 Α.
1152 3459 1182 3513 Ρ.

272 3699 344 3769 Cap.
362 3699 444 3756 XVI.
483 3702 504 3735 ¹²
521 3702 841 3758 Psnun0·Au1sr0runus
854 3703 903 3767 (Cf.
914 3704 1012 3758 Nolam
1031 3704 1066 3757 ad
1085 3721 1143 3773 cap.
1156 3711 1193 3758 11.
1212 3707 1273 3760 libri
1287 3708 1319 3773 I)

203 3769 231 3823 in
249 3768 318 3822 libro
337 3768 401 3832 „De
420 3771 559 3823 causis“
578 3772 689 3840 Propos.
706 3776 729 3823 9.
749 3772 947 3840 „Intelligentia
965 3773 1165 3842 comprehendit
1182 3783 1318 3842 generata,

204 3843 231 3890 et
247 3843 386 3899 naturam,
410 3844 437 3890 et
454 3838 673 3893 horizontem
691 3845 819 3903 naturae,
844 3840 947 3894 scilicet
964 3841 1093 3904 animam,
1120 3858 1181 3896 nam
1200 3843 1259 3910 ipsa
1278 3852 1321 3898 est

204 3920 285 3972 supra
304 3909 427 3958 naturam
439 3910 454 3934 ‘¹
528 3908 549 3939 ¹⁹
565 3908 758 3962 Aarsrouunes
777 3909 823 3962 De
842 3910 952 3962 anima
970 3909 1031 3962 Lib.
1050 3909 1085 3962 Il.
1108 3926 1166 3978 cap.
1185 3914 1208 3962 1.
1227 3912 1258 3964 T.
1277 3917 1319 3965 21.

204 3973 275 4035 (lect.
294 3977 329 4037 1.)
347 3973 433 4028 versio
452 3981 528 4027 vetus
546 3975 605 4040 „De
622 3975 758 4029 intellectu
776 3983 865 4030 autem
883 3981 910 4031 et
928 3977 1095 4045 perspectiva
1112 3978 1234 4047 potentia
1252 3979 1320 4033 nihil

203 4040 291 4093 adhuc
308 4041 478 4096 manifestum
498 4047 554 4106 est,
580 4043 626 4097 sed
649 4043 753 4097 videtur
770 4061 853 4113 genus
878 4046 991 4099 alterum
1009 4046 1114 4099 animae
1131 4062 1202 4112 esse;
1223 4053 1249 4100 et
1266 4048 1319 4102 hoc

204 4109 289 4162 solum
308 4109 438 4178 contingit
455 4111 584 4179 separari,
603 4113 673 4165 sieut
685 4116 830 4179 aeternum,
848 4129 865 4167 a
883 4113 1060 4181 corruptibili.
1088 4114 1216 4182 Reliquae
1228 4122 1319 4169 autem

203 4182 294 4296 parpes
320 4177 424 4298 apinae
446 4179 617 4233 manifestum
643 4194 676 4233 ex
699 4179 755 4244 his,
782 4182 854 4249 quod
880 4198 933 4235 non
959 4181 1122 4250 separabiles
1146 4189 1222 4249 sunt,
1248 4183 1320 4238 sieut

204 4260 250 4313 qur
270 4259 312 4296 am
348 4247 448 4299 icunt.“
