2940 5040
512 317 796 375 raocnaounua.
1125 311 1217 382 xxix

147 493 218 590 ejus
245 494 328 568 lucis
357 495 593 591 receptionem,
628 496 701 590 quia
729 497 805 568 luna
839 500 952 570 asoie
987 524 1080 572 suam
1107 502 1215 574 iucem

146 625 279 720 recepit.
306 624 400 696 Unde
427 634 517 719 pater
536 623 684 694 omnium
703 625 906 719 planetarum
942 651 1001 723 per
1036 630 1217 724 astrologos

143 752 216 848 'ipse
227 751 276 822 sol
287 750 490 823 describitur.
504 751 554 845 29)
582 749 636 822 Sic
656 748 837 823 dominium
850 750 1019 848 lmperiaic
1038 756 1085 827 vei
1096 755 1216 852 Regale

147 878 310 949 derivatur
336 903 353 949 a
380 869 526 950 dominio
549 877 675 975 Papaii,
701 879 747 948 vei
765 879 966 972 sacerdotali,
993 895 1149 978 quantum
1177 886 1216 957 ad

146 1004 217 1100 ejus
244 1006 492 1097 formationem,
518 1005 568 1076 vei
595 1015 752 1101 quantum
779 1005 818 1077 ad
846 1004 915 1099 ejus
942 1008 1142 1104 dignitatem,
1168 1015 1218 1084 vel

148 1134 346 1205 auctoritatis
373 1132 626 1228 receptionem.“

394 1348 482 1405 auo.
500 1347 559 1404 aa.
577 1349 598 1403 ι.
618 1354 640 1402 ι.
658 1349 702 1412 ιι).
723 1348 808 1404 uon.
826 1349 874 1404 ιιι.
893 1355 927 1418 ε).

147 1487 315 1581 „Potestas
343 1490 530 1587 temporalis
564 1488 712 1584 Regum,
746 1488 984 1586 Imperatorum
1022 1502 1054 1563 et
1079 1493 1217 1565 aliorum

148 1615 338 1713 Principum
366 1617 579 1689 saecularium
609 1628 658 1689 est
692 1617 724 1687 in
752 1619 971 1691 ministerium
1008 1620 1078 1692 data
1106 1646 1122 1691 a
1149 1619 1217 1692 Deo

149 1743 254 1841 Papae
265 1756 297 1815 et
314 1745 385 1816 aiiis
397 1744 550 1816 Praelatis
567 1743 743 1835 Ecclesiae,
761 1745 793 1815 in
809 1746 926 1842 quibus
939 1747 1061 1819 residet
1077 1759 1219 1845 potestas

150 1871 353 1968 spiritualis.
374 1928 381 1942 .
401 1927 409 1942 .
485 1871 546 1943 Per
563 1882 756 1968 potestatem
785 1871 887 1970 Papae
914 1875 1011 1947 habet
1037 1877 1161 1947 institui
1188 1888 1220 1947 et

149 2000 290 2094 regulari
318 2000 345 2071 si
363 2000 448 2072 bona
467 2010 526 2090 est,
553 2011 585 2070 et
610 2022 669 2096 per
695 1999 798 2095 ipsam
827 2001 922 2071 habet
949 2002 1162 2073 condemnari
1189 2014 1221 2073 et

145 2126 284 2222 judicari
311 2127 337 2198 s'i
364 2127 449 2197 bona
477 2151 543 2197 non
571 2127 622 2197 sit.
673 2125 762 2221 Ergo
798 2128 868 2198 talis
895 2137 1036 2223 potestas
1071 2153 1135 2199 non
1171 2140 1220 2200 est

149 2254 338 2329 immediate
373 2280 389 2325 a
424 2253 503 2346 Deo,
537 2254 594 2326 sed
636 2265 685 2326 est
721 2254 754 2324 in
798 2255 1015 2326 ministerium
1051 2257 1219 2351 potestatis

150 2382 326 2477 spiritualis
352 2383 456 2454 data.“

101 2507 168 2580 XL.
190 2510 221 2579 i.
249 2510 353 2607 „Papa
380 2534 444 2581 non
472 2510 554 2581 toiiit
573 2510 721 2582 ordinem
739 2510 837 2582 aDeo
857 2510 1041 2581 institutum
1060 2520 1217 2606 quantum

150 2637 189 2708 ad
209 2638 268 2708 ista
285 2636 349 2708 duo
368 2638 538 2733 regimina,
556 2638 613 2709 sed
632 2638 715 2709 bene
733 2639 817 2709 toltit
833 2639 1000 2735 potestatis
1018 2639 1220 2729 abusionem,

152 2778 197 2857 ut,
223 2766 251 2837 si
279 2776 445 2861 potestate,
471 2791 568 2862 quam
588 2766 715 2837 confert
741 2765 941 2863 imperatori,
967 2767 1035 2863 ipse
1061 2767 1221 2859 abutatur,

150 2893 341 2984 Ecclesiam,
368 2891 460 2987 cujus
488 2893 647 2964 mandatis
675 2904 804 2964 tenetur
830 2919 954 2990 parere,
980 2894 1162 2966 invadendo
1190 2904 1221 2965 et

152 3020 403 3112 contemnendo,
421 3031 527 3117 potest
545 3022 647 3118 ipsam
666 3021 706 3092 ab
724 3045 762 3092 eo
775 3021 1029 3099 toliereetaiteri
1042 3022 1222 3094 conferre.“

186 3273 215 3336 ²⁹)
234 3272 334 3327 Glossa
347 3272 596 3340 ad‚,1ntersolem“
615 3270 651 3325 ad
660 3271 726 3339 Cap.
737 3277 761 3326 6.
780 3272 813 3325 Χ.
831 3271 873 3327 De
883 3271 1003 3342 Majorit.
1014 3277 1042 3326 et
1051 3272 1131 3328 obed.
1145 3273 1218 3327 1.33.

104 3365 220 3433 ‚‚lgitur,
240 3382 323 3435 quum
342 3370 415 3421 terra
432 3365 468 3420 sit
485 3365 587 3433 septies
604 3365 693 3434 major
710 3365 782 3430 luna,
800 3364 842 3419 aol
859 3370 950 3420 autem
968 3366 1055 3421 octies
1073 3371 1116 3421 εει
1133 3368 1222 3438 major

102 3461 182 3525 terra,
199 3464 286 3514 restat
302 3476 366 3527 ergo
384 3468 414 3515 ut
430 3452 595 3527 pontificalis
613 3457 733 3525 dignitas
751 3458 964 3527 quinquagesies
974 3459 1076 3526 septies
1089 3459 1125 3514 sit
1134 3460 1222 3529 major

103 3550 189 3620 regati
206 3553 366 3622 dignitate.“
400 3584 417 3591 -
434 3552 597 3608 Laurentms
614 3551 658 3606 hio
676 3551 789 3606 adducit
807 3552 909 3607 dictum
927 3552 1091 3606 Ptolemaei:
1130 3553 1220 3608 Mani-

103 3643 204 3700 festum
222 3652 273 3711 est,
291 3648 366 3717 quod
384 3646 544 3713 magnitudo
562 3645 627 3700 solis
638 3645 759 3700 continet
771 3645 987 3714 magnitudinem
1005 3649 1093 3700 terrae
1105 3649 1220 3712 *centies

104 3743 132 3793 ει
149 3741 344 3810 quadragesies
362 3741 464 3809 septies
481 3745 510 3794 et
527 3740 596 3794 duas
613 3738 775 3793 medietates
784 3740 854 3809 ejus.
880 3738 948 3811 Item
966 3738 1056 3806 palam
1076 3742 1221 3814 estquod

103 3835 264 3902 magnitudo
289 3835 355 3890 solis
379 3833 500 3889 eontinet
523 3832 738 3900 magnitudinem
761 3832 842 3886 tunae
866 3831 969 3899 septies
990 3830 1088 3888 millies
1106 3838 1134 3888 et
1151 3849 1222 3902 qua-

105 3927 248 3997 dragesies
271 3933 300 3982 et
323 3932 421 3996 quater
445 3933 473 3982 et
495 3927 606 3993 insuper
629 3927 690 3995 ejus
716 3925 898 3981 medietatem.
946 3925 1015 3981 Item
1039 3926 1118 3991 dicit,
1145 3926 1221 3996 quod

105 4027 177 4076 terra
195 4021 317 4076 conduct
334 4020 550 4090 magnitudinem
567 4021 647 4075 lunae
665 4020 793 4088 trigesies
814 4019 916 4074 novies.
951 4019 1074 4074 ioannes
1090 4019 1221 4075 Andreae

104 4113 183 4170 dicit:
203 4116 279 4185 quod
296 4115 402 4171 ratione
420 4130 475 4170 non
493 4114 581 4183 capio,
599 4113 747 4182 astrologis
766 4113 898 4181 relinquo.
925 4111 994 4167 Vide
1006 4110 1145 4167 Pmnmrs
1161 4114 1179 4168 1.
1198 4129 1220 4169 c.

102 4208 150 4264 Iit
171 4214 227 4265 tea.
244 4209 278 4266 N.
297 4212 337 4264 21.
