2940 5040
261 302 321 363 116
554 305 689 359 DANTIS
707 303 925 359 MONARCHIA
941 304 987 356 III.
1007 302 1035 357 O.
1054 307 1077 356 9.

207 497 239 547 45
258 483 291 545 et
312 477 501 562 simplicitas
522 477 684 543 naturalis.
723 477 814 542 Hanc
836 496 926 541 suam
940 475 1231 561 praesumptionem
1255 475 1376 542 scribae

259 578 377 645 Christi
398 583 552 644 testantur
573 599 690 646 omnes

345 680 462 746 Scribit
489 685 596 746 autem
623 681 868 761 Matthaeus,
902 698 998 760 quum
1026 679 1122 746 Jesus
1150 679 1378 761 interrogasset

259 781 446 864 discipulos:
480 783 602 865 „Quem
630 803 681 847 mc
708 802 778 848 esse
806 780 955 847 dicitis‘l“
1007 782 1138 846 Petrum
1166 786 1240 846 ante
1269 803 1377 850 omnes

258 882 475 967 respondisse:
497 886 567 968 „Tu
591 904 625 950 es
641 883 793 966 Christus,
816 882 900 947 filius
915 883 978 949 Dei
996 882 1093 948 vivi.“
1132 882 1249 949 Scribit
1272 884 1376 968 etiam,

207 1004 239 1054 so
258 983 358 1067 quod,
382 1005 477 1067 quum
501 985 644 1051 Christus
668 984 787 1051 diceret
809 982 989 1068 discipulis,
1019 985 1093 1066 quia
1116 986 1285 1069 oportebat
1307 1007 1377 1054 eum

258 1085 304 1152 ire
325 1085 358 1150 in
381 1086 598 1170 Hierusalem,
623 1093 655 1154 ct
677 1087 777 1151 multa
798 1085 880 1169 pati;
905 1088 1017 1166 Petrus
1035 1085 1213 1171 adsumpsit
1237 1108 1324 1172 eum,
1348 1095 1378 1156 et

258 1188 365 1270 coepit
391 1188 555 1272 increpare
584 1189 689 1271 illum,
720 1188 841 1256 dicens:
871 1188 984 1271 „Absit
1013 1209 1033 1252 a
1061 1194 1108 1271 te,
1139 1189 1293 1274 Domine;
1317 1212 1380 1257 non

258 1288 318 1355 erit
346 1290 405 1355 tibi
433 1289 524 1356 hoc.“
575 1289 627 1355 Ad
655 1309 749 1371 quern
778 1289 935 1372 Christus,
968 1290 1177 1372 redarguens,
1208 1311 1380 1358 conversus

259 1390 356 1456 dixit:
379 1391 490 1475 „Vade
512 1396 586 1475 post
606 1413 671 1475 me,
696 1389 847 1457 Satana.“

206 1515 238 1565 55
342 1492 424 1558 Item
440 1492 557 1575 scribit,
578 1492 664 1574 qnod
678 1493 711 1556 in
727 1497 833 1559 monte
847 1490 1142 1575 transfigurationis,
1158 1492 1192 1557 in
1208 1500 1380 1578 conspectu

165 1647 166 1650 .
258 1593 385 1677 Christi,
408 1595 521 1678 Moysi,
546 1600 577 1660 et
592 1594 714 1677 Heliae,
739 1600 770 1659 et
786 1594 919 1660 duorum
936 1592 1072 1658 filiorum
1087 1593 1257 1678 Zebedaei,
1282 1596 1379 1662 dixit:

256 1695 429 1779 „Domine,
453 1697 569 1762 bonum
592 1706 640 1760 est
661 1716 718 1761 nos
740 1695 792 1760 hic
815 1715 899 1761 esse:
929 1694 957 1758 si
978 1695 1042 1777 viS,
1065 1695 1219 1760 faciamus
1241 1696 1296 1762 hic
1318 1700 1379 1764 tria

256 1797 478 1879 tabernacula,
501 1797 561 1862 tibi
583 1817 693 1880 unum,
716 1796 821 1881 Moysi
843 1816 954 1878 unum,
978 1801 1010 1861 et
1031 1796 1146 1862 Heliae
1167 1798 1296 1864 unum.“

342 1899 421 1964 Item
450 1898 573 1981 scribit,
608 1898 694 1980 quod
723 1919 819 1980 quum
848 1897 996 1983 discipuli
1030 1905 1136 1964 essent
1168 1899 1201 1963 in
1229 1902 1395 1968 navicula-

204 2009 238 2059 60
256 2005 398 2082 tempore
421 1999 538 2082 noctis,
570 2004 602 2065 et
625 2000 768 2065 Christus
791 1999 969 2075 ambularet
991 2019 1087 2084 super
1109 2020 1241 2085 aquam,
1265 2004 1379 2070 Petrus

258 2101 340 2166 dixit
362 2102 530 2185 „Domine,
554 2100 581 2165 si
602 2106 637 2165 tu
651 2120 695 2183 es,
714 2101 794 2184 jube
815 2120 867 2165 me
886 2099 928 2163 ad
950 2103 1106 2169 tevenire
1127 2123 1224 2188 super
1245 2105 1379 2186 aquas.“
1411 2159 1414 2162 .

342 2203 421 2268 Item
443 2203 569 2285 scribit,
593 2201 679 2284 quod
702 2221 798 2283 quum
813 2200 957 2267 Christus
980 2205 1221 2288 praenunciaret
1243 2206 1377 2272 scanda

255 2303 321 2368 lum
343 2303 509 2388 discipulis
531 2304 612 2387 suis,
635 2305 749 2369 Petrus
771 2302 949 2386 respondit:
982 2304 1071 2388 „Htsi
1087 2326 1196 2373 omnes
1219 2307 1376 2374 scandali·

255 2404 318 2469 zati
345 2405 462 2470 fuerint
490 2405 524 2469 in
551 2411 598 2488 te,
628 2423 688 2486 ego
717 2426 878 2488 nunquam
900 2407 1172 2474 scandalizabor.“
1215 2409 1258 2473 Et
1279 2409 1377 2475 intra:

281 2656 305 2688 ⁴⁶
322 2655 353 2708 F.
373 2664 400 2710 et
417 2657 447 2710 P.
466 2656 593 2711 omittunt
609 2656 715 2711 scribac
867 2659 891 2692 ⁶²
907 2658 992 2712 Editt.
1007 2660 1095 2730 coepit
1112 2660 1255 2732 increpare
1272 2677 1332 2715 cum
1344 2693 1376 2701 —

281 2741 304 2774 ⁴⁷
321 2740 404 2795 Editt.
422 2741 586 2807 Matthaeus
606 2739 683 2810 quod
700 2755 759 2794 cum
908 2743 938 2796 P.
956 2745 1057 2814 incepit
1073 2744 1175 2814 increp.
1197 2745 1273 2799 ilium

281 2825 305 2858 ⁴⁸
321 2825 356 2879 H.
390 2826 540 2898 discipulos
569 2841 647 2890 suos,
682 2824 789 2880 diceus.-
924 2827 1008 2882 Editt.
1026 2827 1096 2881 male
1113 2829 1190 2883 Absit
1207 2827 1259 2884 boc
1275 2848 1293 2885 a
1318 2836 1343 2884 te

323 2908 407 2976 Quem
869 2913 891 2945 ⁶³
908 2912 937 2965 P.
956 2912 1000 2966 Ad
1017 2929 1069 2983 que
1088 2911 1210 2968 Christus

340 2997 372 3048 A.
395 2995 426 3051 P.
452 2995 534 3061 Quem
560 3013 617 3050 esse
637 2995 727 3051 dicitis
756 3029 790 3036 -
926 2997 958 3050 Η.
978 3005 1004 3052 et
1022 2997 1096 3052 editt.
1110 2996 1238 3066 Christus,
1257 3016 1318 3053 eum
1335 3016 1378 3054 rc-

322 3079 408 3134 Editt.
419 3081 487 3135 male
505 3079 588 3146 Quem
605 3097 662 3135 csse
679 3098 721 3136 mc
738 3081 789 3136 dic.
909 3081 1047 3152 durqueres

339 3165 371 3219 F.
391 3165 501 3220 Petrum
520 3173 582 3219 unte
600 3168 690 3221 omniu
926 3165 956 3218 P.
976 3165 1105 3220 aduersus
1122 3168 1195 3222 dixit

281 3250 304 3282 ⁶⁰
326 3250 359 3303 A.
378 3250 410 3304 F.
431 3251 463 3304 L.
480 3279 513 3290 -
533 3250 567 3304 H.
586 3250 620 3303 M.
638 3250 670 3304 V.
689 3249 790 3307 Scribit
869 3252 891 3284 ⁵¹
909 3250 1032 3316 Domine,
1050 3251 1192 3320 quodcum
1211 3267 1288 3307 sacro
1298 3256 1375 3308 textu

322 3335 415 3403 ctiam,
449 3351 508 3390 cum
537 3334 657 3389 Christus
689 3336 790 3390 diceret
908 3336 1009 3389 babent
1026 3351 1130 3404 omnes,
1157 3338 1374 3406 praetermittunt

322 3419 490 3474 -Ficinum
511 3418 717 3475 Scrivcarrcoru
731 3420 787 3486 cde,
907 3420 983 3476 editt.

323 3503 433 3574 quando
445 3504 532 3560 Cristo
550 3505 621 3559 disse
632 3505 704 3558 -P.
715 3504 790 3575 quod
866 3507 890 3540 ⁰²
904 3505 935 3559 F.
954 3504 984 3557 P.
1003 3506 1105 3572 scribit,
1123 3521 1183 3560 cum
1204 3506 1327 3563 Christus

322 3589 464 3659 oportebat
865 3591 896 3658 ⁶²,
908 3590 931 3623 ⁶³
947 3589 979 3642 F.
989 3605 1141 3660 praemunc.
1157 3590 1300 3663 discipulis
1317 3593 1375 3646 suis

338 3672 370 3727 F.
394 3677 422 3728 et
439 3674 469 3727 P.
489 3679 576 3745 oport.
594 3675 634 3729 ire
907 3672 1066 3729 scandulum

281 3759 304 3791 ⁶¹
321 3758 354 3812 V.
374 3759 415 3812 irc
432 3758 605 3813 Hierusalem
866 3760 889 3793 ⁰⁵
906 3761 939 3813 A.
949 3759 1020 3812 F.L.
1034 3776 1148 3831 eqouou
1164 3761 1374 3818 scandalizabor

338 3842 422 3897 Ediu
441 3846 587 3916 assumpsit
609 3861 669 3898 cum
689 3842 787 3897 Petrus

322 4080 346 4112 ⁴⁸
362 4080 470 4134 Evuns.
492 4079 643 4133 Murrnnur
662 4095 693 4135 ca
715 4122 720 4133 .
739 4080 811 4134 XVI.
830 4097 853 4134 v.
874 4086 912 4144 15,
934 4085 972 4134 16.
1044 4081 1067 4114 ⁴⁹
1083 4079 1150 4134 Ibid.
1167 4096 1235 4136 vers.
1256 4087 1297 4138 tl.

254 4148 276 4181 ⁵¹
294 4147 360 4200 Ibid.
379 4163 447 4202 vers.
467 4152 508 4211 22,
527 4152 567 4201 23.
638 4150 660 4181 ⁵⁵
677 4097 746 4202 idid.
766 4164 825 4217 cup.
846 4147 931 4202 XVII.
951 4166 975 4201 v.
994 4154 1017 4202 4.
1094 4150 1117 4182 ⁶¹
1134 4148 1201 4203 Ibid.
1221 4165 1280 4219 cap.
1298 4151 1373 4207 XIV.

252 4231 277 4272 v.
296 4218 335 4269 28.
410 4214 519 4270 ⁶³1bid.
539 4230 597 4284 cap.
615 4216 700 4270 XXII.
718 4234 751 4270 v.⁴
763 4221 804 4283 33,
822 4220 862 4272 35.
