2940 5040
282 243 322 304 74
575 243 710 298 DANTIS
728 243 947 299 MONARCHIA
963 244 997 298 11.
1017 244 1046 300 (l.
1067 250 1106 300 10.

280 439 356 485 vero
378 417 412 481 in
423 414 566 499 ,Officiis3
602 421 633 480 et
657 415 924 498 quemadmodum
952 417 986 481 in
1015 438 1090 484 cura
1112 416 1298 485 medicinali
1326 427 1395 487 ante

280 521 397 587 ferrum
425 523 457 583 et
478 518 584 598 ignem
607 518 713 583 omnia
735 517 930 602 experienda
955 525 1042 603 suut,
1072 525 1103 587 et
1132 519 1174 586 ad
1204 521 1266 588 hoc
1288 523 1395 591 ultimo

280 620 515 701 recurrendum3
550 617 596 684 sic
624 619 768 685 omnibus
799 620 860 685 viis
890 621 1091 705 investigatis
1118 643 1175 706 pro
1201 622 1327 707 judicio
1360 625 1396 692 de

280 724 337 791 lite
358 720 516 804 habendo,
539 719 657 786 adhoc
678 720 853 787 remedium
872 722 993 806 ultimo,
1017 723 1156 805 quadam
1175 724 1325 808 justitiae
1347 747 1394 793 ne·

231 843 263 894 20
282 825 428 892 cessitate
451 822 553 890 coacti
574 841 779 889 recurramus.

363 928 435 992 Duo
464 924 560 1007 igitur
587 923 733 989 formalia
762 922 860 991 duelli
882 932 1053 1009 apparent:
1089 946 1185 992 unum
1211 928 1289 1012 hoc,
1314 928 1397 1011 quod

278 1049 360 1094 nunc
382 1027 501 1094 dictum
524 1032 587 1110 est3
617 1024 720 1109 aliud,
751 1026 837 1108 quod
864 1026 1010 1110 superius
1032 1030 1237 1109 tangebatur:
1267 1031 1394 1115 scilicet,

278 1137 313 1195 ut
334 1152 398 1197 non
419 1130 503 1214 odio,
525 1151 589 1196 non
606 1149 723 1211 amore,
746 1128 804 1195 sed
826 1129 894 1194 solo
909 1129 977 1197 zelo
996 1128 1151 1214 justitiae,
1174 1130 1215 1197 de
1238 1133 1396 1198 communi

280 1232 418 1299 adsensu
446 1231 611 1313 agonistae
641 1250 698 1296 seu
733 1228 912 1297 duelliones
946 1231 1140 1314 palaestram
1168 1233 1393 1316 ingrediantur.

229 1354 260 1404 25
279 1333 320 1397 Et
341 1339 472 1417 propter
498 1332 558 1398 hoc
580 1332 662 1397 bene
685 1330 860 1414 Tullius,
892 1351 987 1413 quum
1016 1332 1056 1398 de
1084 1334 1145 1399 hac
1170 1335 1307 1401 materia
1329 1340 1393 1400 tan·

279 1438 382 1517 geret;
411 1433 575 1514 inquiebat
604 1433 702 1498 enim:
738 1430 827 1516 „Sed
857 1432 958 1518 bella,
990 1434 1103 1515 quibus
1124 1436 1256 1520 Imperii
1280 1457 1393 1504 corona

278 1534 442 1619 proposita
465 1539 528 1618 cst,
551 1534 654 1599 minus
675 1534 789 1599 acerbe
811 1534 951 1615 gerenda
973 1555 1032 1600 sun
1047 1535 1076 1602 .“

183 1631 185 1636 ’
363 1634 456 1715 Quod
478 1635 506 1701 si
527 1636 674 1719 formalia
696 1634 794 1701 duelli
817 1643 946 1702 servata
967 1643 1040 1703 sunt
1070 1635 1178 1723 (aliter
1199 1639 1286 1705 enim
1309 1639 1392 1707 duel-

278 1737 344 1802 lum
372 1758 434 1803 non
462 1742 572 1822 esset),
600 1737 745 1822 just'tiae
776 1739 965 1805 necessitate
998 1738 1039 1806 de
1071 1740 1229 1806 communi
1257 1741 1394 1808 adsensu

229 1862 260 1914 ³0
279 1837 462 1920 congregati
482 1844 612 1924 propter
626 1841 729 1905 zelum
747 1840 901 1924 justitiae,
923 1862 1027 1909 nonne
1048 1843 1222 1909 innomine
1244 1843 1309 1909 Dei
1324 1864 1392 1910 con·

277 1941 400 2022 gregati
423 1942 517 2006 sunt?
554 1942 596 2005 Et
618 1942 646 2007 si
667 1942 728 2026 sic,
758 1963 860 2008 nonne
882 1943 971 2009 Deus
999 1944 1032 2008 in
1057 1934 1161 2010 medio
1184 1944 1316 2010 illorum
1338 1950 1391 2028 cst,

279 2062 373 2125 quum
401 2043 471 2127 ipse
499 2043 532 2107 in
553 2042 729 2126 Evangelio
759 2044 933 2110 nobishoc
961 2046 1149 2129 promittat?
1186 2044 1228 2110 Et
1256 2047 1285 2111 si
1307 2047 1393 2114 Deus

277 2145 377 2229 adest,
399 2165 503 2212 nonne
517 2146 607 2211 nefas
628 2151 685 2230 est,
708 2145 863 2228 arbitrari,
883 2145 1042 2230 justitiam
1057 2148 1261 2214 succumbere
1276 2149 1391 2233 posse?

278 2248 373 2329 quam
394 2247 464 2331 ipse
485 2247 519 2311 in
540 2253 662 2312 tantum
685 2245 806 2330 diligit,
836 2253 988 2328 quantum
1011 2248 1155 2332 superius
1177 2255 1390 2332 praenotatur.

228 2372 260 2424 35
278 2349 319 2414 Et
346 2350 374 2415 si
398 2349 524 2434 justitia
552 2349 585 2413 in
608 2348 715 2415 duello
748 2350 952 2416 succumbere
980 2350 1105 2434 nequit,
1133 2371 1237 2416 nonne
1261 2350 1392 2436 dejure

277 2451 468 2535 adquiritur,
491 2449 577 2538 quod
598 2472 655 2535 per
677 2450 818 2517 ducllum
840 2451 1038 2534 adquiritur?

306 2604 327 2636 ¹⁷
344 2602 374 2655 P.
393 2603 484 2656 omnic
503 2600 631 2655 tcutuodu

361 2688 395 2740 A.
413 2686 445 2738 L.
464 2686 493 2739 Ρ.
504 2686 580 2739 -Η,
600 2686 637 2740 ud
654 2683 813 2756 hujusmodi

886 2602 910 2634 22
927 2604 960 2655 A.
979 2602 1011 2655 F.
1028 2602 1060 2655 L.
1075 2602 1105 2654 P.
1117 2602 1150 2655 V.
1169 2609 1196 2655 et
1213 2603 1273 2657 edd.
1293 2604 1392 2674 antiqu.

928 2686 1053 2742 -H.M.
1072 2690 1100 2741 et
1118 2686 1232 2742 Turrino
1250 2705 1316 2744 cum.
1328 2690 1393 2744 Fra·

345 2803 375 2812 -—
394 2770 501 2839 Reliqui
519 2773 547 2824 et
564 2769 623 2823 edd.
642 2769 680 2823 ud
696 2768 763 2824 boec

305 2857 327 2889 ¹⁸
343 2856 376 2909 A.
394 2856 425 2909 F.
444 2855 478 2908 H.
496 2855 534 2909 M.
559 2855 589 2907 P.
607 2855 641 2907 V.
671 2885 701 2893 -
729 2854 761 2908 L.
783 2860 810 2909 et

343 2939 402 2994 edd.
422 2955 491 2992 cmo.
509 2941 560 2993 uiis
572 2941 654 3010 prius
672 2939 762 2992 bruest.

273 3067 275 3073 ,
304 3024 427 3079 12Α.Η.
447 3024 587 3078 L.M.V.
615 3054 647 3063 —
676 3023 756 3079 F.P.
782 3030 809 3078 et

343 3109 403 3164 edd.
422 3109 567 3163 remedium
585 3111 706 3164 ultanum

360 3195 391 3248 F.
410 3194 516 3264 quidem
529 3195 657 3264 justitiae

303 3281 325 3313 ²¹
342 3280 373 3333 F.
393 3279 455 3333 Iluc
472 3296 538 3350 erqo

302 3365 326 3398 ²³
342 3366 375 3417 A.
392 3365 426 3417 H.
444 3363 476 3417 L.
493 3363 530 3417 Μ.
549 3363 580 3415 P.
599 3393 633 3403 —
650 3363 712 3417 libri
728 3364 806 3432 impr.

343 3449 391 3503 scd
407 3447 465 3502 solo
478 3448 605 3519 justitiae
624 3448 669 3502 zet
687 3491 692 3501 .
719 3481 751 3489 -
775 3450 807 3503 F.

343 3534 392 3588 scd
417 3533 476 3587 zelo
496 3533 567 3602 just.
598 3560 632 3570 -
660 3533 692 3586 In
709 3534 742 3588 V.
767 3539 809 3588 eet

342 3619 441 3672 lacuna

303 3706 326 3738 ²⁵
343 3704 489 3767 Fraticell,
507 3703 570 3757 vitio
581 3703 744 3772 typothetae,
756 3702 808 3756 nisi

342 3788 431 3851 fallor,
450 3788 547 3842 omittit
564 3787 616 3843 boc

302 3874 326 3906 ²⁶
342 3873 373 3926 F.
391 3873 421 3925 P.
441 3873 510 3928 bellu
522 3890 578 3944 pro
597 3873 695 3942 quibus

362 3959 444 4026 Apud
455 3957 611 4012 Ciceronem
628 3957 698 4028 Imp.
716 3956 807 4028 plorr'u

346 4093 367 4126 ¹⁰
382 4093 483 4148 Cranno
501 4092 543 4147 De
561 4092 658 4148 officiis
676 4094 697 4147 Ι,
718 4097 755 4146 12.
775 4095 836 4156 (38.)

275 4159 430 4214 Murenam
451 4166 490 4215 18.
508 4178 531 4215 v.
552 4165 593 4214 20.

927 2771 973 2825 tic.
991 2770 1124 2825 servanda

888 2855 911 2888 ²⁹
928 2855 959 2908 L.
978 2854 1095 2910 ducllum
1114 2873 1169 2911 uou
1186 2858 1239 2910 crit

887 2941 910 2973 ³⁰
926 2940 957 2993 F.
979 2941 1008 2993 P.
1027 2957 1116 2994 noune
1134 2948 1160 2994 ct
1177 2943 1286 2996 nominc

885 3025 908 3057 ³²
926 3024 957 3078 F.
977 3027 1004 3078 iu
1023 3024 1154 3097 Euuupcl.
1179 3025 1231 3080 boc
1255 3058 1286 3067 -
1312 3028 1343 3081 P.
1367 3029 1394 3082 iu

928 3109 979 3164 Eu.
996 3111 1073 3165 uobis
1090 3109 1185 3164 baec.
1219 3128 1221 3133 ·

888 3196 910 3228 ³³
927 3196 958 3249 F.
976 3196 1010 3249 Η.
1032 3195 1064 3248 L.
1091 3195 1128 3248 M.
1158 3225 1193 3235 —
1219 3196 1250 3249 P.
1276 3196 1396 3254 babituri

922 3282 1013 3351 justit.
1039 3310 1072 3318 -
1093 3281 1127 3336 Α.
1146 3279 1177 3333 V.
1200 3283 1229 3334 et
1250 3281 1324 3336 editt.
1343 3280 1395 3336 bu·

928 3365 1014 3424 baudo
1032 3366 1123 3435 justit.

887 3449 909 3481 ³⁴
926 3450 959 3503 A.
979 3466 1060 3519 quum
1078 3448 1125 3502 ille

887 3534 911 3567 ³⁵
927 3534 997 3588 Edd.
1016 3535 1118 3602 antiqu.
1135 3535 1163 3588 iu
1177 3534 1247 3589 bello
1259 3537 1394 3592 succumb.

945 3619 1038 3673 Indea
1054 3618 1142 3673 verbis
1159 3619 1334 3674 succumbere
1351 3636 1395 3674 uc-

928 3703 987 3771 qur’t
1005 3718 1089 3770 usque
1099 3701 1134 3755 ad
1144 3702 1226 3756 verba
1243 3704 1294 3758 sub
1306 3704 1394 3759 edicto

927 3786 1067 3841 Romuuuc
1108 3788 1281 3842 auctoritatis
1323 3791 1395 3845 circa

927 3871 1006 3925 finem
1021 3871 1132 3940 capituli
1148 3871 1298 3926 duodecimi
1314 3878 1350 3942 (p.
1362 3879 1394 3928 80

926 3956 1252 4018 v.29)estlacunaincod.
1261 3957 1394 4013 Palatino.

915 4093 938 4124 2⁵
956 4091 997 4146 Dc
1015 4091 1086 4146 offic.
1106 4092 1122 4146 l.
1142 4107 1166 4146 c.
1245 4093 1269 4126 ³²
1285 4094 1394 4148 Evuuc.
