2940 5040
543 343 826 399 PROLEGOIIENA.
1153 343 1245 399 XXIII

125 518 248 590 summi
283 519 551 591 scholasticorum
580 520 724 612 magistri
753 520 880 590 saecuto
908 519 989 590 XIII.
1019 530 1051 590 ct
1076 519 1156 590 XIV.
1186 521 1245 589 cir·

126 647 403 718 cumierebantur.
455 647 579 717 Horum
608 646 763 717 librorum
793 648 914 742 aliquot
937 645 1002 739 jam
1033 671 1071 719 eo
1099 658 1245 742 tompore

126 774 199 869 plus
219 776 320 844 semel
340 774 372 844 in
394 775 528 845 latinum
556 798 731 846 conversos
753 774 905 864 extitisse,
933 786 1005 845 note
1026 800 1077 844 res
1096 786 1160 861 est3
1188 773 1244 843 soil

126 912 292 974 auctorem
315 912 474 991 nostrum,
501 902 646 972 Thomna
673 903 841 997 Aquinatis
861 902 1156 991 studiosissimmn,
1190 901 1243 971 ubi

125 1030 380 1123 poterateariom
390 1054 450 1124 qua
464 1029 515 1099 iiie
525 1031 682 1120 versione,
691 1053 842 1122 uraguam
854 1040 976 1123 partem
990 1029 1027 1099 ad
1043 1027 1111 1121 ojus
1125 1029 1245 1099 instan-

125 1157 204 1227 tiam
234 1181 271 1226 ex
299 1181 414 1251 graeco
444 1168 530 1227 textu
559 1158 685 1247 iactam,
712 1181 807 1227 usum
836 1179 923 1245 esse,
951 1180 1016 1226 non
1044 1156 1149 1226 solum
1179 1155 1244 1225 reri

126 1296 176 1354 est
195 1283 411 1373 simillimum,
438 1285 493 1354 sed
522 1285 619 1355 etiam
647 1285 731 1355 iacto
759 1284 925 1380 probatur.
969 1282 1161 1353 EI'Iromac
1188 1283 1245 1377 igi·

127 1421 181 1480 tur
208 1411 246 1480 ad
275 1410 482 1483 Aristotelem
513 1412 773 1501 commentariis,
801 1411 911 1505 quales
939 1433 994 1480 eos
1022 1410 1052 1479 in
1083 1411 1167 1481 uotis
1194 1434 1245 1480 rea

124 1539 202 1628 tuli,
229 1538 291 1608 Ioci
320 1538 515 1610 Aristoteiiri
544 1541 642 1610 sumti
670 1550 746 1610 sunt
774 1550 897 1610 tantum
926 1562 991 1609 uon
1021 1560 1153 1624 ornnes;
1190 1537 1245 1608 ubi

124 1689 201 1735 vero
237 1666 298 1736 hoe
338 1666 520 1737 subsidium
557 1667 741 1758 deficiebat,
787 1667 819 1737 iu
854 1690 949 1762 opem
985 1675 1077 1737 erant
1110 1664 1244 1735 vocandi

125 1791 345 1886 BoetIrius¹⁷)‚
366 1791 518 1864 ailbertus
544 1792 691 1889 Magum,
717 1793 844 1888 aliique.
883 1791 986 1863 Unius
1014 1802 1100 1862 certe
1128 1792 1246 1888 operis,

125 1918 455 2016 Meteoroiogicorum
465 1921 547 2010 diro,
562 1921 641 1992 duas
654 1931 801 1992 nostrum
818 1920 966 1991 habuisse
977 1919 1142 1990 versiones
1154 1919 1245 1990 testis

124 2059 173 2151 est
202 2048 391 2119 notissimus
418 2047 562 2118 Convivii
591 2045 745 2144 iocus.¹‘)
798 2046 929 2143 Aliquos
957 2045 1027 2140 ejus
1054 2047 1183 2141 generis
1212 2046 1243 2115 in

125 2174 292 2246 codicibus
329 2176 557 2272 manuscriptis
595 2174 785 2270 superstites
825 2183 974 2244 recenset
999 2173 1171 2263 Jourdain,
1205 2171 1244 2243 ari

125 2326 206 2398 quas
232 2313 340 2374 tanren
369 2327 519 2374 accessus
548 2301 641 2374 nohis
670 2326 736 2373 non
765 2301 879 2398 patuit.

128 2490 332 2499 m-

212 2605 238 2669 ¹³J
257 2605 306 2658 Ex.
326 2619 368 2672 gr.
386 2605 421 2657 ad
439 2603 512 2657 Libr.
531 2603 551 2654 l.
571 2603 638 2671 Cep.
660 2606 685 2654 it
707 2601 752 2654 lin.
771 2605 812 2667 tt,
840 2614 900 2668 cap.
922 2606 951 2654 i'n
970 2600 1015 2654 Iin.
1034 2606 1058 2653 2.

213 2698 241 2763 ¹⁹)
259 2697 348 2751 Tract.
367 2696 402 2750 II.
421 2712 479 2764 cap.
492 2702 530 2749 15.
557 2694 670 2762 „Oueito
689 2693 739 2748 cte
756 2694 896 2748 Aristotite
913 2695 939 2748 si
954 2693 1057 2749 dicasse
1075 2710 1129 2748 nou
1150 2695 1175 2747 si
1185 2695 1246 2764 pud

127 2791 193 2845 bene
210 2807 307 2862 sapere
323 2790 354 2845 rii
366 2790 417 2849 cici,
433 2788 576 2861 percheto
593 2805 643 2842 stra
661 2792 791 2841 serrtcuzo
808 2803 861 2841 non
880 2787 906 2841 st
922 2792 999 2842 trono
1015 2787 1102 2842 rotate
1117 2786 1182 2841 noli*
1191 2802 1247 2840 unc

126 2885 308 2950 traslazione,
332 2899 408 2939 come
429 2882 489 2938 neit
511 2882 610 2937 attro.“
645 2880 698 2936 Ubi
715 2880 873 2945 notandum,
893 2895 950 2934 eam
969 2880 1138 2946 versionem,
1165 2894 1246 2949 quam

127 2993 248 3032 novam
266 2977 332 3032 dicit
348 2982 454 3042 aanor,
472 2976 585 3030 eandem
603 2989 673 3037 esee.
692 2989 762 3042 quae
779 2974 808 3027 in
825 2973 991 3028 editionibus
1010 2989 1122 3042 operum
1134 2973 1247 3029 bibo-

126 3087 187 3126 mae
205 3071 362 3126 inscribitur
379 3069 536 3138 antique,
555 3083 614 3122 eam
634 3067 745 3133 scilicet,
764 3082 845 3136 quam
862 3064 988 3136 Aquinas
1006 3081 1040 3120 ex
1057 3066 1118 3134 ipso
1138 3066 1246 3120 Aristo-

125 3162 187 3218 teiie
210 3168 289 3219 textu
313 3178 414 3232 graeco
438 3163 495 3216 fieri
518 3165 669 3216 curaverat.
707 3160 793 3226 Quam
817 3174 883 3214 vero
908 3159 1016 3214 nomiae
1035 3159 1174 3214 veteris
1193 3159 1247 3224 t‚‚la

125 3258 267 3323 vecchia‘u
287 3252 431 3325 significat,
448 3272 465 3310 a
482 3254 636 3311 (berardo
651 3253 880 3309 Cremonensi
898 3253 1008 3309 saecuto
1027 3252 1080 3307 XII
1097 3268 1131 3308 en
1149 3251 1246 3308 Arabo

126 3352 226 3407 iactam
246 3366 315 3417 esee,
334 3351 413 3421 cujus
438 3350 575 3418 specimen
600 3347 676 3403 dedit
700 3347 716 3403 J
724 3348 869 3402 ourdain
896 3347 1012 3414 (Scripta
1034 3345 1195 3401 Aristotelis
1220 3346 1247 3398 in

126 3444 198 3499 med.
217 3458 293 3499 aevo.
312 3444 459 3512 Appendix
477 3443 526 3498 No.
545 3440 628 3501 xlvi
648 3441 692 3494 rix
712 3440 815 3495 dubito.
