2940 5040
457 337 592 393 DANTIS
610 337 829 393 MONARCHIA
846 338 880 391 H.
899 337 929 392 C.
947 344 971 393 5.
1231 336 1271 397 55

152 511 323 578 Consulem
352 510 557 593 existentem,
592 511 738 595 proprios
765 509 848 576 filies
877 530 947 577 eum
975 510 1120 577 hostibus
1149 512 1272 597 eonspi-
1291 532 1323 584 so
1351 495 1353 498 ⁵

151 616 260 679 rantes
274 613 368 679 morti
383 611 521 679 dedisse.
552 612 651 697 Cujus
664 612 768 696 gloria
781 617 953 679 renovatur
965 613 998 678 in
1017 616 1108 680 sexto
1123 613 1274 681 Poetae

150 714 266 797 nostri,
290 712 330 779 de
353 714 423 797 ipso
447 714 605 780 canentis:

357 888 362 900 .
399 887 405 898 .
440 886 447 899 .
484 888 490 900 .
525 846 665 914 Natosqne
682 852 760 916 pater
777 863 847 902 nova
864 848 936 903 bella
953 852 1090 902 moventes

354 931 398 986 Ad
415 947 529 1002 poenam
545 931 659 1001 pulchra
676 947 726 1001 prs
743 932 867 987 libertate
885 932 1000 988 vocabit.

236 1051 321 1133 Quid
342 1072 405 1117 non
427 1050 608 1118 audendum
631 1073 687 1137 pro
709 1053 829 1136 patria,
852 1054 944 1119 nobis
966 1054 1120 1119 Mucius
1142 1073 1271 1137 persua·
1290 1077 1323 1130 85

151 1155 209 1239 sit,
234 1173 330 1237 quum
351 1153 512 1219 incautum
535 1155 708 1220 Persenam
729 1154 862 1237 invasit,
886 1174 982 1237 quum
1006 1154 1122 1222 deinde
1144 1174 1274 1222 manum

153 1262 326 1339 errantem,
355 1276 418 1321 non
446 1256 510 1321 alio
540 1255 630 1320 vultu
659 1275 754 1338 quam
781 1256 810 1321 si
838 1256 963 1322 hostem
985 1257 1117 1322 eruciari
1139 1256 1273 1342 videret,

151 1378 242 1424 suam
264 1356 369 1424 adhue
376 1408 384 1440 ,
408 1358 540 1424 eremari
562 1356 784 1443 adspiciebat?
819 1356 911 1438 Quod
934 1358 1030 1425 etiam
1052 1358 1195 1424 Livius
1216 1358 1271 1425 ad-

154 1460 284 1525 miratur
306 1459 515 1526 testificando.

236 1560 401 1627 Accedunt
422 1581 504 1626 nune
525 1561 602 1627 illae
620 1560 854 1627 sacratissimae
869 1561 1019 1629 victimae
1041 1562 1271 1647 Deciorum,
1290 1586 1323 1639 90

152 1663 207 1744 qni
228 1683 286 1748 pre
302 1662 406 1730 salute
421 1663 550 1748 publiea
565 1662 699 1729 devotas
714 1661 837 1728 animas
852 1669 1039 1747 posuerunt:
1062 1669 1096 1728 ut
1114 1664 1272 1748 LiviuS,

151 1785 214 1832 non
236 1770 388 1846 quantum
411 1769 459 1830 est
482 1763 627 1848 dignum,
657 1763 715 1830 sed
737 1768 888 1845 quantum
913 1765 1033 1848 potuit,
1062 1763 1272 1848 glorificando

150 1871 301 1932 renarrat.
353 1865 486 1932 Aeeedit
515 1870 547 1930 et
574 1863 655 1930 illud
682 1864 897 1930 inenarrabile
922 1865 1111 1932 sacrificium
1138 1867 1287 1935 severis·

179 2068 201 2100 ⁸⁰
217 2066 250 2119 F.
267 2067 298 2120 P.
318 2066 434 2121 Consule
451 2067 584 2122 existente

178 2152 200 2184 ⁸¹
218 2152 251 2204 F.
269 2153 352 2206 marti
367 2152 478 2206 desiisse

178 2237 209 2302 ⁸¹,
230 2237 252 2268 ⁸²
269 2235 301 2288 F.
320 2234 405 2291 Poeta
423 2241 514 2292 noster

178 2321 201 2354 88
217 2322 252 2374 A.
270 2320 301 2374 V.
316 2321 397 2392 patri

179 2405 202 2437 ⁸⁸
219 2405 252 2459 V.
268 2403 412 2472 pulchram
429 2435 463 2445 —
479 2407 512 2459 A.
526 2405 613 2477 pterea

235 2491 267 2543 A.
286 2490 316 2542 Ρ.
334 2492 440 2546 vocavit
463 2497 496 2530 -'-
520 2490 551 2544 L.
572 2489 686 2545 vocabat

218 2604 252 2613 -
269 2574 302 2627 F.
320 2575 353 2628 H.
373 2576 500 2631 alarnavit

179 2660 202 2693 ⁸⁵
219 2659 256 2713 M.
274 2658 347 2725 Quid
363 2667 452 2714 autem
470 2660 533 2714 ared.

237 2745 268 2798 A.
286 2745 318 2798 F.
340 2744 504 2800 audiendum
529 2773 561 2784 -
586 2744 615 2798 P.
639 2759 687 2798 an·

220 2830 336 2885 diendus

178 2915 202 2948 88
218 2917 250 2969 A.
269 2914 301 2967 F.
318 2914 352 2968 H.
370 2915 402 2968 L.
420 2914 457 2968 M.
479 2914 509 2968 P.
536 2943 570 2952 -
595 2912 629 2966 V.
648 2913 687 2966 in·

219 3001 298 3067 rasit,
316 2999 464 3053 deinde-
483 2998 552 3053 Edd.
572 2998 636 3063 inu,
654 3011 687 3050 ae

220 3083 317 3139 deiude

179 3171 210 3234 ⁸⁸,
224 3168 287 3222 ⁸⁷F.
306 3167 339 3221 H.
358 3168 388 3222 P.
406 3168 440 3222 V.
458 3166 532 3222 -L.
551 3168 588 3222 M.
606 3182 688 3220 rnenu

220 3260 354 3308 errantem
382 3284 415 3293 -
446 3254 480 3306 A.
507 3269 617 3307 martum
645 3266 687 3304 er-

220 3344 321 3393 rectam
339 3368 372 3377 —
395 3338 465 3391 Edd.
484 3353 593 3391 manum
610 3351 687 3389 suam

221 3441 276 3495 qua
293 3423 447 3478 aberrasset

179 3511 201 3543 ⁸⁷
217 3509 253 3563 H.
271 3509 302 3562 L.
320 3508 356 3562 M.
375 3508 405 3560 P.
423 3507 455 3560 V.
474 3507 597 3563 errrm'are

766 2066 788 2098 ⁸⁸
804 2081 883 2120 suam
900 2064 999 2131 adine,
1017 2066 1088 2135 quod
1108 2066 1272 2122 inomnibns

804 2150 880 2205 libris
907 2165 989 2204 manu
1016 2151 1133 2206 exaratis
1165 2149 1273 2220 legitur,

807 2235 945 2303 ejecerunt
961 2234 1093 2305 impressi.

822 2319 853 2373 P.
871 2320 992 2374 cruciari
1007 2349 1040 2359 -
1057 2321 1089 2373 A.
1109 2319 1275 2392 triumphari

822 2404 853 2458 P.
871 2403 977 2459 uidebat

823 2489 853 2542 F.
864 2489 898 2542 H.
912 2490 943 2542 1..
960 2488 1122 2542 P.V.-M.
1140 2489 1176 2542 ΕΙ
1192 2489 1274 2543 etiam

804 2574 863 2628 Liu.
879 2603 914 2613 -
931 2574 964 2627 A.
981 2573 1061 2640 Quod
1076 2573 1135 2629 biv.
1155 2603 1188 2614 -
1203 2572 1273 2629 Edd.

806 2658 886 2724 Ouod
902 2665 928 2714 et
945 2657 1003 2714 Lis.

765 2744 788 2776 ⁸⁰
805 2744 836 2798 L.
854 2743 994 2798 Accedunt
1008 2742 1158 2798 ittaen-H.
1168 2748 1195 2796 et
1203 2741 1273 2798 Edd.

805 2828 944 2884 Accedant
961 2828 1025 2882 ittae

821 2914 1022 2968 sacratissimae
1031 2911 1107 2966 deest
1124 2911 1194 2965 inA.
1204 2915 1232 2966 et
1240 2910 1273 2965 V.

822 2998 853 3051 L.
875 2998 1004 3052 taerirnae
1020 2997 1085 3051 Dee.

766 3082 789 3115 ⁸²
807 3082 839 3135 F.
858 3083 889 3136 L.
906 3082 945 3135 M.
960 3087 1053 3153 potest

766 3167 790 3201 ⁸⁸
806 3168 838 3221 L.
857 3171 885 3221 et
901 3166 977 3221 editt.
994 3171 1093 3221 narrat

825 3250 904 3305 Turr.
928 3257 954 3306 et
975 3250 1077 3305 Fratie.
1103 3249 1222 3306 Accedat
1239 3280 1274 3289 -

806 3335 838 3389 L.
857 3343 883 3390 et
899 3335 1006 3391 aceedit

764 3421 796 3486 88,
815 3421 838 3453 88
855 3421 887 3473 F.
906 3421 1071 3475 serenissimi
1091 3449 1124 3459 —
1152 3420 1184 3473 L.
1202 3434 1273 3474 seue·

805 3506 928 3560 rissimee

222 3698 244 3730 ⁸¹
262 3695 373 3748 Vrnsm.
391 3695 451 3748 Aen
478 3693 525 3747 VI.
544 3696 601 3775 Sti.
673 3692 696 3726 ⁸⁸
712 3693 810 3747 lems
828 3692 862 3744 Π.
883 3696 922 3775 ΙΙ.
941 3690 980 3745 (tf.
998 3691 1105 3745 Vnnna.
1123 3689 1198 3744 Max.
1212 3689 1230 3744 1.
1247 3705 1275 3770 e.

153 3768 310 3897 iiiiii?
322 3760 1039 3901 terrentianutna...Messian
1052 3773 1273 3897 nuestus

153 3905 248 3954 avea.“
338 3897 798 3961 ⁹¹L1v1usV111.e.nr.rs‚rs.
856 3897 874 3950 f.
892 3897 999 3951 Venas.
1022 3895 1099 3950 Max.
1124 3894 1141 3948 l.
1160 3910 1184 3949 e.
1208 3892 1228 3946 1.
1248 3899 1271 3947 3.

152 3968 186 4022 V.
205 3973 228 4022 6.
247 3967 294 4022 Nr.
312 3972 337 4032 5,
356 3970 379 4019 t.
414 3968 521 4021 Arrana.
543 3967 660 4022 Vrcron.
682 3966 699 4020 Ι.
724 3982 746 4021 e.
772 3981 830 4034 cap.
850 3970 890 4028 26,
909 3970 941 4018 ΙΙ
966 3969 994 4019 et
1015 3966 1157 4018 Ancroms
1175 3960 1271 4018 Conm-

152 4036 224 4091 vium
240 4036 257 4090 Ι.
276 4052 299 4090 e.
333 4033 404 4100 „Cin
419 4036 480 4089 dira
498 4034 537 4089 de*
555 4034 634 4090 Decii
652 4076 657 4088 .
677 4075 682 4088 .
703 4076 709 4092 .
727 4033 776 4089 ete
787 4050 891 4106 pasena
910 4033 936 4088 ta
961 4032 1020 4087 tere
1038 4034 1093 4087 vita
1109 4047 1162 4103 per
1179 4031 1206 4086 te
1218 4047 1273 4103 pa-

153 4106 233 4160 tria.“
253 4136 283 4144 -
302 4102 398 4158 Parad.
417 4103 463 4157 VI.
481 4107 512 4157 47

392 4254 482 4311 neser
499 4254 526 4309 a
541 4223 687 4325 ‘finia‘o‘nb
701 4185 936 4310 mittimus..
1053 4265 1055 4269 ¹
