2940 5040
205 326 245 387 62
502 328 637 383 DANTIS
654 327 874 384 MONARCHIA
890 329 926 384 11.
945 329 974 384 C.
994 334 1017 383 t.

154 521 187 574 30
204 507 319 567 natura
333 500 510 585 pertingere
525 520 588 566 non
602 505 708 583 potest
722 492 891 585 perunum
906 501 1076 585 hominem,
1092 520 1192 583 qnnrn
1205 503 1321 572 multae

204 603 266 668 sint
281 602 481 685 operationes
492 602 691 667 neeessariae
701 602 744 667 ad
754 602 868 687 ipsum,
885 621 968 684 qnae
974 602 1213 670 multitudinem
1221 606 1320 688 requi-

202 708 276 768 runt
296 704 329 768 in
351 704 570 787 operantibus;
593 723 725 771 neeesse
740 710 789 771 est
803 709 950 769 naturam
970 702 1145 790 produoere
1160 703 1322 772 hominnm

203 806 438 872 multitudinem
459 806 502 871 ad
524 805 668 871 diversas
691 806 892 890 operationes
914 805 1145 889 ordinatorum,
1169 804 1214 870 ad
1236 807 1319 889 quod

203 909 336 974 multum
364 908 542 989 conferunt,
571 912 699 992 praeter
724 908 919 991 superiorem
939 905 1151 991 influentiam,
1181 909 1321 975 locorum

152 1030 184 1085 35
201 1008 385 1077 inferiorum
407 1010 540 1075 virtutes
563 1014 595 1076 et
622 1009 842 1094 proprietatea
886 1011 1021 1095 Propter
1049 1007 1136 1091 qnod
1164 1009 1321 1097 videmus,

174 1184 178 1194 ·
228 1161 252 1194 33
269 1160 301 1214 F.
319 1165 420 1215 natura
435 1162 569 1230 attinqere
853 1176 899 1215 sas
915 1160 1095 1230 operationes.
1114 1189 1147 1200 -
1161 1160 1202 1215 Μ.
1220 1166 1249 1216 et
1264 1162 1320 1219 edd.

227 1245 250 1279 33
268 1245 299 1299 F.
317 1253 382 1300 sunt
399 1246 572 1317 operationes
854 1244 892 1298 ad
905 1245 1077 1315 operationes

286 1329 318 1384 F.
336 1330 367 1383 P.
385 1330 629 1385 necessarirssimae
647 1360 680 1370 -
697 1329 736 1384 M.
814 1329 837 1362 33
854 1328 885 1382 F.
904 1329 934 1382 P.
952 1329 1065 1384 multam
1082 1329 1214 1399 conferre
1230 1335 1320 1402 potest

204 1425 210 1435 ’
270 1414 302 1468 V.
321 1430 429 1470 neeesse
854 1444 888 1452 -
904 1413 937 1467 V.
957 1414 1069 1468 muitum
1086 1415 1200 1485 confert

228 1499 251 1532 33
268 1498 306 1552 M.
325 1499 355 1552 P.
374 1500 491 1569 requirit
502 1498 575 1551 -F.
585 1500 736 1570 requiritur
871 1498 903 1552 F.
920 1499 951 1552 P.
970 1498 1097 1553 omittunt
1108 1505 1228 1570 praeter

286 1583 319 1636 V.
337 1584 366 1637 in
383 1580 587 1653 operationibus
872 1582 903 1636 F.
922 1584 1094 1654 superiorum
1112 1583 1258 1654 influentia

229 1667 251 1701 33
269 1668 301 1720 A.
319 1667 351 1721 F.
369 1666 403 1721 Η.
422 1669 454 1723 L.
473 1667 504 1720 P.
523 1698 556 1706 -
574 1668 605 1718 V.
623 1667 661 1721 ad
676 1683 734 1722 oer-
813 1667 836 1700 33
853 1665 888 1721 H.
896 1673 923 1722 et
932 1667 991 1723 edd.
1001 1669 1166 1739 inferiorum
1175 1674 1204 1724 et
1211 1671 1319 1727 virtutes

269 1822 291 1855 33
308 1820 344 1875 ad
359 1822 370 1874 i
389 1835 449 1875 oum
471 1818 552 1873 finem
574 1819 685 1873 humani
701 1820 816 1887 generis.
904 1820 927 1852 33
944 1819 1154 1889 ,,ειιρετὶοι·οιιι;“
1172 1829 1242 1893 puta
1259 1840 1316 1880 coe·

200 1890 286 1945 lorum
309 1891 333 1957 ‚‚'
374 1889 520 1943 nentiam.“
605 1889 629 1920 ³⁴
651 1887 726 1942 Idem
748 1887 806 1942 fere
830 1894 1015 1958 argumentum
1037 1893 1140 1944 tractu
1156 1891 1275 1948 Aponon
1289 1894 1316 1948 In

200 1957 297 2013 Parad.
315 1957 389 2012 VIII.
408 1961 440 2010 97
459 1973 516 2025 sqq.

403 2048 443 2104 La
461 2049 510 2103 ben
528 2047 578 2104 ene
596 2055 664 2103 tutto
682 2049 705 2103 ii
719 2065 805 2121 reqna
823 2048 872 2104 eie
889 2054 918 2103 tu
935 2049 1034 2104 scandi

477 2116 562 2188 Volqe
579 2134 594 2171 e
612 2122 751 2180 contenta,
768 2118 803 2188 sa
820 2133 893 2171 esser
910 2119 1009 2172 virtute

470 2184 528 2239 Sua
542 2185 729 2257 preavidenza
747 2187 775 2240 in
793 2187 882 2255 questi
898 2187 977 2257 eorpi
991 2187 1109 2257 prandi·

402 2275 430 2333 Ε
445 2294 499 2333 non
512 2295 572 2350 pur
590 2279 614 2333 le
631 2284 729 2333 nature
740 2279 910 2350 proovedute

469 2345 525 2400 Son
544 2347 616 2401 nella
634 2353 721 2402 mente
738 2346 777 2402 alr’
796 2349 809 2401 e
826 2347 862 2401 cia
879 2348 908 2402 se
919 2351 1059 2421 perfetta,

470 2413 519 2468 Ma
536 2430 593 2469 esse
611 2416 720 2470 insieme
738 2432 788 2470 aon
806 2416 833 2470 la
851 2416 894 2470 lor
910 2417 1005 2473 salute.

401 2505 457 2562 Per
475 2505 523 2562 ane
541 2514 718 2579 quantunque
735 2515 829 2578 questo
846 2525 912 2563 areo
929 2519 1016 2567 saetta

465 2575 595 2647 Disposto
612 2577 679 2631 eade
695 2594 713 2630 a
725 2576 896 2647 proooedato
911 2579 981 2647 line,

469 2641 499 2698 Si
517 2661 592 2699 come
608 2661 673 2699 cosa
691 2647 719 2698 in
736 2660 786 2699 sno
803 2660 888 2716 seqno
905 2646 1012 2702 diretta.

400 2734 437 2792 Se
455 2739 496 2792 eii
514 2753 568 2792 reon
584 2736 675 2806 fosse,
693 2738 716 2793 ii
731 2739 783 2794 aiei
798 2736 848 2793 ane
865 2744 893 2792 tu
912 2744 1043 2798 rammine

467 2804 673 2861 Produaerebbe
689 2806 713 2861 si
732 2807 753 2860 li
768 2808 831 2862 suoi
846 2806 945 2877 effetti,

471 2872 523 2928 One
541 2890 595 2928 nan
612 2875 755 2930 sarebbero
773 2876 843 2940 arti,
861 2893 905 2930 ma
922 2879 1017 2942 ruine,-

403 2965 430 3022 E
445 2967 487 3021 eia
505 2982 577 3021 esser
594 2983 649 3021 non
661 2970 738 3039 puri,
754 2984 783 3022 se
799 2969 836 3039 qi
854 2969 980 3025 intelletti

470 3033 523 3090 ene
539 3050 635 3089 moran
653 3042 744 3105 queste
760 3036 837 3091 stelle
853 3053 909 3091 non
925 3054 976 3093 son
993 3039 1115 3107 mancii,

469 3102 498 3156 Ε
512 3119 608 3157 manao
626 3103 648 3157 il
657 3105 750 3174 primo
768 3103 817 3159 alre
833 3121 888 3159 non
904 3107 947 3177 qli
961 3105 997 3161 ha
1009 3109 1135 3179 perfetti.

406 3194 479 3249 Vuoi
495 3201 523 3248 tu
541 3194 590 3250 alre
626 3201 701 3250 uesta
719 3213 766 3251 oer
777 3198 831 3267 piri
849 3199 872 3251 ti
886 3201 906 3252 s'
925 3200 1088 3257 imbinnelti?

468 3261 515 3317 Ed
530 3263 573 3316 io:
619 3280 654 3317 on
671 3266 731 3336 qia,
744 3263 847 3337 parate
864 3267 1016 3338 impossibil
1031 3273 1128 3342 veqqio

470 3329 523 3385 Clre
541 3331 568 3385 ia
586 3337 698 3399 natura,
716 3334 745 3386 in
763 3333 825 3400 quel
841 3334 880 3389 etr*
899 3338 912 3390 e
929 3353 1016 3409 uapa,
1033 3338 1148 3396 staneni.

401 3422 466 3479 Ona
485 3424 542 3496 eqli
556 3442 675 3480 ancora.-
696 3425 734 3481 Or
750 3426 795 3490 di',
813 3428 925 3482 sarebbe
942 3427 964 3482 il
974 3431 1079 3501 peqqio

468 3491 523 3546 Per
541 3493 557 3547 i
575 3510 655 3548 aomo
673 3495 701 3548 in
720 3503 807 3560 terra,
825 3511 854 3549 se
872 3511 926 3550 non
943 3496 1020 3566 fosse
1037 3501 1112 3554 erae?

466 3558 511 3626 Si,
529 3561 624 3632 rispos’
643 3563 685 3626 io,
703 3578 718 3616 e
736 3565 785 3632 qui
799 3564 898 3634 raqion
915 3581 971 3618 non
987 3568 1109 3638 eieqqia.

398 3652 426 3707 Ε
436 3656 496 3725 puri
515 3654 571 3725 eqli
587 3670 676 3720 esser,
696 3671 725 3709 se
741 3656 790 3726 qiu
807 3672 862 3710 non
879 3659 905 3711 si
920 3659 977 3712 vive

467 3721 668 3777 Diversamente
682 3739 735 3794 per
751 3723 853 3779 diversi
868 3726 968 3796 offici?

465 3789 523 3856 No,
542 3806 571 3845 se
588 3792 610 3846 il
625 3796 742 3846 maestro
759 3799 850 3848 vostro
867 3794 916 3848 ben
934 3796 962 3848 oi
977 3797 1070 3851 seriae.

398 3880 429 3937 Si
447 3899 531 3937 venne
548 3883 705 3940 deducendo
723 3885 808 3955 infino
825 3905 843 3940 a
860 3889 950 3957 quiei;

466 3950 565 4008 Pescia
582 3952 741 4008 eorreiiuse:
760 3955 877 4026 Dunque
893 3972 968 4011 esser
985 3957 1088 4014 diverse

467 4019 584 4075 Convien
600 4021 647 4076 dei
662 4023 747 4077 vostri
762 4023 849 4094 effetti
865 4023 890 4077 le
906 4025 1006 4081 radici:

397 4110 452 4166 Per
470 4111 519 4169 ane
536 4129 573 4167 un
591 4131 673 4170 nasae
690 4115 792 4171 Solone
809 4117 844 4172 ed
859 4118 930 4173 altro
947 4119 1048 4185 Xerse,

464 4180 542 4236 Altro
557 4181 767 4247 Melchisedech,
785 4185 819 4239 ed
835 4186 907 4241 altro
925 4187 1016 4257 quello

467 4247 520 4303 eae
537 4250 652 4305 volando
664 4268 720 4322 per
738 4253 754 4306 t
772 4269 849 4319 aere,
867 4254 889 4308 il
901 4253 980 4326 fiqlia
992 4271 1086 4327 perse.
