2940 5040
200 303 241 364 20
463 303 596 359 DANTIS
614 301 833 358 nouandum
849 302 871 355 Ι.
890 300 918 356 C.
940 307 979 355 11.
998 303 1061 366 (13).

201 497 257 544 seu
284 481 372 544 recta
401 475 547 560 dilectio,
580 475 670 540 illam
698 475 785 541 acuit
812 479 908 556 atque
942 471 1106 538 dilucidat.
1158 469 1219 537 eui
1248 489 1322 553 ergo

150 597 182 648 65
200 577 340 645 maxime
368 584 455 645 recta
483 578 612 645 dilectio
640 577 745 643 inesse
774 580 895 662 potest,
927 574 1129 659 potissimum
1157 573 1265 640 locum
1293 573 1325 638 in

200 682 257 749 illo
278 686 384 767 potest
410 680 529 747 habere
557 679 686 745 iustitia.
730 678 921 745 Huiusmodi
949 682 998 743 est
1025 676 1213 761 Monarcha;
1250 694 1325 757 ergo

201 803 238 850 eo
261 782 433 866 existente,
461 781 583 847 iustitia
611 778 779 866 potissima
800 785 864 863 est,
893 780 947 846 vel
970 798 1041 847 esse
1069 782 1184 865 potest.
1230 777 1326 858 Quod

201 890 308 953 autem
336 888 422 951 recta
450 884 579 951 dilectio
607 881 705 948 faciat
735 881 822 963 quod
850 879 970 947 dictum
1005 885 1069 965 est,
1103 880 1177 946 hinc
1212 878 1326 946 haberi

201 991 321 1072 potest:
344 984 510 1070 Cupiditas
531 1004 678 1067 namque,
694 982 867 1069 perseitatc
881 982 1044 1048 hominum
1059 987 1175 1067 spreta,
1200 981 1328 1064 quaerit

153 1107 186 1156 to
203 1089 278 1171 alia,
307 1089 423 1154 caritas
446 1110 537 1172 vero,
574 1085 691 1172 spretis
718 1084 792 1150 aliis
822 1083 983 1168 omnibus,
1013 1084 1139 1165 quaerit
1160 1084 1267 1149 Deum
1296 1090 1328 1149 et

203 1189 373 1274 hominem,
397 1197 429 1256 et
442 1209 500 1274 per
515 1207 712 1270 consequens
733 1188 851 1253 bonum
865 1185 1010 1252 hominis.
1056 1187 1223 1269 Quumque
1244 1186 1328 1252 inter

202 1292 269 1357 alia
295 1293 381 1358 bona
402 1289 539 1357 hominis
567 1289 767 1374 potissimum
790 1288 846 1371 sit,
870 1287 903 1352 in
924 1307 1005 1372 pace
1026 1287 1136 1355 vivere
1158 1285 1207 1373 (ut
1229 1308 1327 1373 supra

204 1392 393 1480 dicebatur),
417 1398 449 1458 et
469 1392 531 1458 hoo
553 1396 700 1476 operetur
721 1390 859 1456 maxime
882 1396 979 1472 atque
1000 1391 1166 1475 potissime
1194 1389 1326 1474 iustitia,

204 1493 321 1559 caritas
341 1493 481 1561 maximo
503 1493 657 1559 iustitiam
678 1490 846 1575 vigorabit,
869 1498 901 1558 et
923 1491 1028 1576 potior
1049 1491 1163 1577 potius.

155 1616 187 1665 ‘15
290 1594 332 1659 Et
364 1595 449 1677 quod
480 1595 673 1662 Monarchae
706 1593 845 1658 maxime
880 1593 1042 1659 hominum
1073 1600 1162 1660 recta
1197 1593 1327 1660 dilectio

204 1696 309 1762 inesse
324 1695 449 1781 debeat,
472 1702 563 1779 patet
584 1696 644 1762 sic:
666 1694 767 1762 Omne
782 1694 939 1776 diligibilc
953 1700 1041 1761 tanto
1056 1695 1159 1778 magis
1174 1694 1327 1779 diligitur,

206 1802 324 1879 quanto
354 1798 563 1883 propinquius
592 1803 641 1863 est
671 1796 830 1880 diligenti,
861 1795 919 1861 sed
947 1795 1091 1862 homines
1118 1797 1328 1883 propinquius

204 1898 397 1965 Monarchae
420 1905 501 1984 sunt,
525 1920 622 1982 quam
644 1898 717 1964 aliis
738 1897 948 1983 principibus:
971 1916 1047 1979 ergo
1069 1899 1110 1964 ab
1133 1919 1172 1965 eo
1187 1900 1328 1966 maxime

206 1999 389 2084 diliguntur,
405 2001 458 2067 vel
474 2000 564 2083 diligi
580 2000 704 2067 debent.
749 2000 880 2066 Prima
909 1999 1077 2065 manifesta
1091 2004 1149 2083 est,
1172 2001 1201 2066 si
1216 2006 1329 2065 natura

156 2125 189 2176 so
206 2102 408 2188 passivorum
436 2108 468 2168 et
496 2102 671 2169 activorum
700 2102 928 2185 consideretur3
966 2100 1141 2167 secunda
1174 2124 1234 2188 per
1268 2104 1329 2169 hoc

206 2209 355 2288 apparet,
386 2204 463 2286 quia
484 2205 680 2291 principibus
708 2207 781 2272 aliis
808 2204 954 2271 homines
982 2223 1045 2268 non
1072 2205 1329 2289 appropinquant

206 2304 269 2371 nisi
290 2305 324 2370 in
344 2311 452 2392 parte,
474 2306 667 2373 Monarchae
695 2328 771 2374 vero
794 2304 967 2373 secundum
988 2311 1098 2371 totum.
1143 2305 1185 2369 Et
1205 2325 1328 2372 rursus:

207 2406 407 2492 Principibus
436 2406 510 2472 aliis
538 2409 793 2495 appropinquant
820 2429 878 2492 per
904 2407 1124 2490 Monarcham,
1158 2413 1189 2473 et
1218 2429 1281 2474 non
1310 2413 1341 2474 e‘

208 2528 375 2593 convers03
415 2515 448 2575 et
475 2510 522 2575 sic
548 2531 607 2593 per
633 2511 720 2594 prius
749 2518 781 2577 et
808 2508 992 2576 immediate
1026 2509 1218 2576 Monarchae
1246 2510 1329 2576 inest

158 2623 189 2674 85
208 2630 284 2676 cura
305 2610 346 2676 de
369 2610 524 2694 omnibus,
546 2611 620 2677 aliis
634 2619 742 2678 autem
762 2612 958 2697 principibus
980 2633 1038 2697 per
1051 2611 1266 2694 Monarcham,
1290 2631 1328 2677 eo

209 2711 295 2792 quod
317 2732 393 2778 cura
414 2712 554 2797 ipsorum
577 2734 598 2778 a
620 2734 694 2780 cura
708 2714 766 2779 illa
788 2733 938 2798 suprema
960 2711 1133 2780 descendit.

232 2931 255 2963 ⁶¹
273 2930 306 2983 A.
325 2933 353 2984 et
368 2930 439 2985 Edd.
459 2932 523 2984 Cum
540 2948 606 3003 erqo
625 2932 744 2987 maxime
818 2933 842 2964 ⁷³
858 2932 897 2985 M.
912 2931 1099 3002 potentissime
1116 2931 1219 2984 iustitia

232 3015 256 3048 ⁶⁸
272 3014 305 3068 F.
322 3015 395 3084 facit
413 3015 442 3068 id
458 3015 533 3085 quod
549 3017 649 3071 dictum
820 3018 843 3050 ⁷⁷
859 3017 894 3069 V.
907 3016 1123 3087 propinquiores
1139 3013 1308 3073 Monarchae

232 3099 256 3132 ⁶⁰
273 3099 306 3153 A.
317 3128 350 3138 -
360 3099 392 3153 F.
401 3116 467 3171 per-
479 3103 529 3162 (vel
532 3107 613 3172 pam)
620 3103 698 3156 ritate
709 3133 743 3141 —
817 3101 841 3133 ⁷⁸
858 3101 891 3154 A.
909 3099 948 3154 M.
967 3102 1055 3171 mauis
1072 3100 1225 3171 diluantur

277 3183 308 3238 P.
318 3185 457 3255 parcitate
469 3214 498 3224 -
509 3185 542 3238 V.
546 3192 701 3257 persectate
710 3217 743 3226 -
818 3187 840 3219 ⁸¹
858 3187 890 3239 A.
909 3184 985 3255 quod
996 3185 1169 3256 principibus
1180 3214 1211 3227 -
1221 3185 1254 3241 F.
1264 3187 1330 3259 quia

276 3269 311 3323 H.
315 3270 631 3339 perseueratum-Edu.
640 3271 743 3340 antiqu.
861 3271 887 3324 si
897 3271 989 3340 princ.

272 3356 425 3424 parseitate
439 3384 463 3393 -
475 3354 514 3407 M.
520 3370 573 3424 per
589 3356 743 3410 societatem
818 3354 842 3388 ⁸²
859 3354 971 3409 Turrius
1002 3359 1064 3423 post
1089 3370 1185 3409 rursm
1219 3355 1346 3424 propria.

278 3437 390 3490 -L.et
402 3437 489 3495 versio
501 3439 597 3506 Ficini,
615 3455 682 3510 qnos
701 3455 743 3494 se·
862 3439 1024 3494 anctoritate
1042 3439 1138 3494 inserit
1155 3439 1288 3495 Homines

279 3527 398 3589 quantur
413 3521 472 3576 edd.
485 3530 598 3579 recentt.
616 3526 744 3579 societate
818 3525 841 3558 ⁸⁴
856 3525 891 3579 H.
910 3532 937 3579 et
952 3541 1007 3579 αοα
1025 3540 1040 3577 e
1057 3525 1195 3579 contrario

312 3605 343 3660 P.
362 3605 498 3661 dominum
516 3616 634 3679 spretam
658 3639 693 3648 --
709 3608 742 3664 F.
862 3609 893 3664 F.
907 3625 962 3680 per
974 3609 1058 3679 prius
1074 3613 1100 3662 et
1116 3625 1172 3664 ooo
1179 3610 1332 3666 immediate

278 3688 434 3746 huiusmodi
448 3702 541 3764 spreta
820 3694 843 3728 ⁸⁶
859 3693 898 3748 M.
917 3710 985 3749 curo
1002 3693 1035 3748 de
1052 3691 1204 3749 dominibus

236 3775 260 3808 ⁷⁰
278 3776 743 3846 quaeritaiieoaQuodolimconie·
832 3797 835 3804 ’
863 3778 894 3831 F.
913 3783 938 3832 et
956 3777 1030 3848 quod
1046 3793 1113 3835 curo

280 3875 369 3917 ceram
385 3861 414 3914 in
434 3867 537 3917 textum
549 3863 651 3933 recepit
668 3862 743 3918 Frat.

282 4029 306 4063 ⁶⁹
323 4029 493 4097 „Perseitas“
512 4035 553 4086 est
576 4031 704 4086 terminus
727 4031 861 4086 barbarus
879 4031 1053 4088 Scholasticis
1076 4032 1225 4088 familiaris.
1261 4034 1331 4090 (lon.

212 4111 250 4150 nn
267 4095 365 4151 Occan
381 4098 411 4153 in
428 4103 543 4166 quatuor
559 4100 643 4154 libros
661 4102 776 4154 sentent.
791 4100 813 4155 Ι.
827 4098 887 4153 dist.
897 4104 921 4154 2.
940 4117 983 4168 qu.
1002 4107 1026 4154 4.
1045 4100 1103 4157 {Sin
1120 4108 1209 4162 secust
1229 4103 1332 4166 ..omnis

212 4165 373 4233 propositio,
389 4166 419 4220 in
436 4183 490 4235 qua
526 4168 678 4223 racdicatur
694 4168 784 4237 passio
802 4166 835 4221 de
852 4184 902 4222 suo
920 4168 1041 4224 subiecto
1057 4185 1118 4223 cum
1128 4170 1236 4226 nomine
1253 4187 1332 4241 per-

214 4231 376 4298 seitatis‚
394 4242 465 4290 esset
482 4185 561 4300 fadsa,
579 4235 651 4305 quod
668 4243 709 4291 est
726 4234 900 4292 absurdum.“
