2940 5040
155 326 246 383 vat
537 328 745 383 EDITIONUM
764 329 900 385 saulae.

247 531 336 591 1740.
370 526 578 592 Grunvnrun:

661 637 776 702 Dantis

638 747 795 829 Aligberii

627 857 803 923 Florentini

621 968 815 1033 Monarchia.

561 1078 704 1160 [Signum
733 1080 869 1160 typogr.]

518 1188 671 1254 Coloniae
694 1187 911 1269 Allobrogum,

401 1298 497 1381 Apud
519 1299 616 1364 Heur.
638 1297 761 1363 Albert.
784 1297 886 1364 (losse
908 1299 936 1362 dr
957 1297 1028 1363 Soc.

621 1405 807 1472 MDCOXL.

156 1550 287 1634 Octavo,
309 1557 434 1617 constet
456 1553 582 1636 paginis
605 1556 655 1618 95.
701 1551 848 1617 Diximus
869 1551 997 1633 quidem
1026 1571 1058 1633 p.
1087 1548 1140 1615 vl.
1176 1548 1272 1630 vulgo

156 1661 327 1744 perhiberi,
359 1661 443 1726 hanc
475 1661 647 1729 editionem
684 1663 812 1727 nomine
845 1668 968 1726 tantum
1001 1660 1177 1741 Giuerrae,
1216 1658 1272 1725 sed

156 1792 189 1838 re
223 1773 294 1855 ipsa
323 1771 465 1837 Venetiis
496 1772 599 1838 lucem
628 1771 766 1853 vidisse,
802 1771 976 1837 notandum
1011 1779 1132 1855 tamen,
1168 1770 1272 1836 edito-

156 1903 221 1947 rem
244 1882 349 1965 operis
372 1881 569 1947 Vernauiaui
602 1881 655 1965 (cf.
677 1903 708 1965 p.
731 1880 794 1966 L.),
818 1882 913 1964 quod
931 1881 1048 1964 prodiit
1070 1902 1154 1947 anno
1180 1886 1270 1966 1746,

154 1993 268 2056 librum
292 1991 383 2075 prelo
399 1991 573 2057 Ginevrino
595 1994 707 2057 merito
730 1992 868 2058 adscribi
886 1990 1059 2076 judicasse.
1109 1994 1160 2057 lta
1186 1995 1270 2058 enim

155 2104 187 2167 in
216 2101 431 2184 praefatione:
474 2101 624 2184 „Prodiit
659 2123 744 2168 anuo
785 2107 865 2168 1740
889 2101 1040 2168 Coloniae
1062 2102 1270 2185 Allobrogum

155 2213 269 2278 Dantis
296 2210 452 2294 Aligberii
483 2213 602 2277 Poetae
630 2213 805 2278 Florentini
840 2215 888 2278 De
917 2212 1103 2277 Monarcbia
1131 2211 1272 2296 Opuscu·

154 2325 229 2404 lurn,
262 2320 347 2404 quod
369 2329 512 2406 tempore
533 2323 688 2388 Ludovici
710 2323 827 2388 Barari
853 2324 979 2406 scripsit
1010 2322 1165 2389 adversus
1186 2325 1271 2408 Apo-

153 2433 296 2499 stolicam
326 2431 458 2515 Sedem,
491 2438 582 2498 aestu
618 2433 715 2497 animi
748 2453 828 2498 sane
861 2433 1065 2516 perturbati.
1090 2441 1185 2498 ..et
1213 2455 1270 2518 pro

154 2562 240 2608 more
261 2541 349 2607 illius
369 2542 476 2607 Seculi
498 2543 583 2626 stylo
604 2542 702 2624 plane
724 2545 871 2625 barbaro,
894 2562 932 2608 ac
953 2543 1119 2607 lutulento.
1156 2544 1270 2611 Novae

152 2655 239 2724 illins
272 2651 421 2718 editionis
452 2651 618 2716 consilium
648 2659 679 2718 et
707 2673 836 2720 causam
859 2654 884 2719 si
908 2672 1057 2736 quaeras,
1081 2672 1121 2719 ex
1144 2653 1270 2721 officina

152 2767 223 2847 ipsa
244 2762 329 2829 unde
350 2762 447 2827 Liber
468 2764 606 2843 emersit,
634 2763 729 2830 facile
750 2763 1019 2852 interpretaberis.
1063 2766 1271 2849 Exemplaria

151 2874 227 2940 inde
249 2875 343 2958 plura
362 2873 396 2937 in
419 2872 543 2937 Italiam
566 2880 762 2954 transvecta,
794 2882 826 2940 et
847 2894 1085 2957 quaquaversus
1102 2897 1216 2960 sparsa
1239 2882 1270 2941 et

152 2985 312 3065 distracta,
335 2981 581 3064 avidissimeque
602 3005 623 3049 a
643 2985 807 3051 nonnullis
829 2993 964 3069 excepta
985 2985 1080 3051 sunt“
1106 2993 1165 3051 etc.

239 3121 330 3183 1758.
361 3120 497 3182 Znursn
526 3118 629 3200 prima
658 3119 771 3198 editio,
805 3122 839 3185 in
868 3121 1009 3187 secunda
1037 3131 1128 3204 parte
1164 3125 1267 3205 quarti

152 3229 321 3294 voluminis
350 3226 489 3311 Operum
518 3230 647 3312 Dentis,
686 3229 772 3313 quod
804 3231 922 3314 prodiit
944 3233 1086 3299 Venetiis
1116 3236 1197 3298 1758
1235 3235 1268 3299 in

151 3341 251 3404 forma
279 3337 532 3421 quadruplicata.
583 3339 689 3405 Editio
713 3341 893 3405 LXXXIV.
923 3342 1064 3425 paginis,
1095 3344 1266 3426 separatim

151 3448 338 3530 numeratis,
362 3455 522 3533 constans,
553 3435 663 3516 ordine
685 3449 813 3532 quidem
836 3457 885 3516 est
906 3452 1051 3534 septima,
1075 3452 1142 3534 sed,
1166 3454 1268 3519 altero

151 3566 223 3642 post
240 3559 415 3641 principem
434 3560 562 3625 saeculo
575 3560 644 3643 jam
659 3559 726 3627 fere
738 3562 966 3646 praeterlapso,
991 3562 1093 3645 prima
1115 3565 1266 3643 omnium,

151 3688 232 3752 quae
261 3671 294 3733 in
316 3669 412 3734 ltalia
440 3669 542 3736 lucem
565 3670 729 3753 viderunt,
759 3672 812 3738 vel
834 3679 919 3738 certe
940 3672 1086 3738 Italicam
1109 3674 1264 3757 originem

151 3778 345 3863 profitentur.
388 3779 558 3861 Praefatio,
587 3780 614 3845 si
636 3780 828 3848 leviusculas
850 3785 1051 3863 mutationes,
1081 3782 1174 3849 linem
1197 3804 1265 3850 rer-

150 3909 203 3955 sus
224 3890 339 3967 factas,
368 3890 547 3970 exceperis,
577 3890 690 3956 eadem
718 3900 767 3957 est
795 3912 876 3976 quae
898 3895 1110 3976 praemittitur
1132 3894 1265 3959 editioni

72 3982 74 3986 ’
151 4000 355 4065 Ginevriuae.

235 4109 350 4175 Confer
378 4129 461 4191 quae
489 4110 531 4176 de
558 4110 641 4176 curis
663 4112 790 4194 Zattae,
820 4114 853 4177 in
883 4115 966 4178 bano
995 4113 1167 4179 editionem
1193 4134 1265 4180 con-

149 4220 250 4285 versis
273 4217 411 4286 diximus
433 4241 464 4304 p.
489 4220 560 4285 VII.
584 4228 615 4286 et
638 4223 724 4286 Vlll.
