2940 5040
369 357 503 413 DANTIS
520 357 745 414 MONARCHIA
762 361 809 415 ΠΙ.
829 360 857 417 O.
876 366 900 416 4.
920 366 945 416 5.
1163 360 1221 423 103

191 528 244 595 Sic
267 549 342 612 crgo
365 529 453 614 dico,
477 531 563 613 quod
578 551 709 614 reguum
730 535 906 617 temporale
922 554 985 601 nou
1006 534 1118 619 recipit
1133 556 1222 605 θεεθ

103 652 124 696 a
147 631 319 716 spirituali,
348 653 407 699 nec
429 633 639 716 virtutem,
669 653 751 715 quae
779 639 828 700 θεῖ
856 635 925 719 ejus
947 636 1136 721 auctoritas,
1162 659 1223 705 nec

102 733 200 800 etiam
229 735 507 816 operationem
535 734 735 820 simpliciter,
765 734 824 802 sed
852 737 932 802 bene
962 739 1004 804 ab
1033 759 1072 805 eo
1098 740 1220 826 recipit,
1243 756 1289 810 105

101 839 138 900 ut
159 835 384 901 virtuosius
407 842 553 918 operetur
577 857 634 922 per
655 838 758 902 lucem
780 838 917 923 gratiae,
948 859 1043 921 quam
1070 841 1103 905 in
1132 844 1222 910 coelo

103 937 187 1004 etin
208 943 302 1004 terra.
313 937 491 1005 benedictio
513 938 628 1004 summi
648 937 810 1005 Pontificis
831 939 968 1005 infundit
989 941 1046 1008 illi.
1084 943 1126 1008 Et
1146 943 1222 1013 idco

101 1046 322 1122 argumentum
343 1040 498 1123 peccabat
518 1040 551 1104 in
572 1039 688 1107 forma:
711 1040 786 1122 quia
803 1041 1020 1126 praedicatum
1042 1045 1075 1108 in
1097 1047 1221 1112 conclu-

101 1143 191 1208 sione
218 1162 282 1208 non
309 1147 358 1208 θεῖ
387 1142 571 1209 extremitas
598 1141 746 1225 majoris,
773 1147 809 1207 ut
829 1149 932 1228 patet;
963 1146 1108 1227 procedit
1137 1148 1221 1215 euim

101 1245 162 1311 sic:
183 1245 275 1309 Luna
296 1245 409 1330 recipit
430 1246 532 1311 lucem
554 1263 575 1308 a
603 1243 694 1326 Sole,
723 1244 778 1325 qui
806 1251 855 1310 est
877 1246 1018 1328 regimen
1039 1247 1218 1334 spirituale,
1240 1265 1288 1317 110

101 1346 441 1431 regimen-temporale
464 1349 513 1412 est
526 1347 631 1411 Luna:
654 1364 729 1427 ergo
751 1345 891 1427 regimen
909 1350 1085 1431 temporale
1107 1349 1221 1433 recipit

102 1447 325 1514 auctoritatem
346 1468 366 1512 a
381 1446 535 1529 regimine
550 1446 718 1532 spirituali.
755 1448 840 1512 Nam
854 1447 887 1512 in
902 1450 1102 1518 extremitate
1118 1451 1219 1535 majo

102 1549 156 1631 ris,
178 1555 299 1634 ponunt
320 1551 462 1616 lucem:
485 1548 519 1613 in
539 1548 725 1632 praedicato
739 1570 816 1616 vero
832 1550 1058 1635 conclusionis,
1081 1558 1218 1619 aucto-

101 1651 278 1718 ritatem:
310 1671 392 1734 quae
421 1655 493 1718 suut
521 1670 572 1717 res
604 1649 752 1719 diversae
781 1651 925 1736 subjecto
954 1658 987 1720 et
1015 1653 1156 1737 ratione,
1185 1659 1221 1720 ut

101 1752 206 1818 visum
228 1759 285 1820 θεῖ.
1240 1775 1288 1826 115

566 1925 688 2000 [carum
709 1925 752 2000 vl

184 2075 363 2141 Adsumunt
379 2073 475 2140 etiam
490 2078 709 2156 argumentum
727 2073 768 2139 de
790 2073 884 2139 litera
899 2074 1044 2159 Moysi,
1067 2074 1219 2159 dicentes,

99 2177 187 2261 quod
209 2177 249 2244 de
271 2177 389 2242 femore
412 2175 513 2241 Jacob
542 2173 634 2240 fluxit
661 2174 764 2257 figura
792 2177 903 2243 horum
933 2175 1067 2243 duorum
1092 2176 1218 2258 regimi-

98 2301 189 2363 num,
213 2279 288 2362 quia
309 2277 409 2344 Levi
432 2281 464 2343 et
485 2277 506 2343 J
512 2276 626 2360 udas;
658 2295 791 2358 quorum
813 2279 895 2344 alter
920 2277 980 2342 fuit
1001 2283 1093 2362 pater
1114 2298 1218 2345 sacer-

99 2382 193 2466 dotii,
217 2382 299 2447 alter
320 2400 396 2446 vero
425 2378 588 2460 regiminis
618 2378 811 2462 temporalis.
856 2379 982 2447 Deinde
1012 2380 1058 2446 sic
1082 2387 1219 2462 arguunt

99 2505 140 2550 ex
161 2484 216 2549 iis:
239 2483 328 2549 Sicut
342 2500 377 2549 εθ
393 2480 503 2546 habuit
524 2479 606 2547 Levi
629 2478 671 2544 ad
685 2479 812 2564 ludam,
835 2481 881 2548 sic
903 2501 938 2549 se
960 2481 1058 2549 habet
1071 2482 1217 2550 Ecclesia
1235 2501 1250 2550 5

166 2716 298 2770 usurpare
332 2731 365 2739 —
394 2699 516 2754 Pressius
551 2698 632 2754 etiam
702 2700 736 2732 ¹⁰⁷
752 2699 795 2754 illi
810 2698 977 2754 desideratur
993 2699 1058 2754 inP

164 2787 282 2855 vestigiis
317 2784 441 2839 codicum
480 2783 631 2848 inhaerens,
703 2785 736 2817 ¹¹⁰
749 2783 782 2838 F.
801 2783 839 2838 M.
857 2783 887 2837 P.
906 2783 972 2838 luna
989 2785 1087 2857 recipit
1104 2784 1194 2840 lumen

166 2873 271 2927 mallem
290 2871 406 2940 quidem,
424 2868 500 2922 velet
515 2868 631 2939 quidem.
767 2868 799 2921 F.
832 2867 865 2921 H.
898 2870 931 2923 V.
963 2873 990 2923 ct
1016 2868 1046 2922 P.
1076 2871 1106 2925 in
1134 2886 1217 2940 marg.

166 2955 313 3025 Suffragari
348 2953 454 3008 ridetur
482 2953 593 3007 Ficinus
617 2969 632 3007 e
749 2952 872 3018 (‚,alias“t
897 2971 915 3007 a
932 2951 997 3008 Sole
1023 2955 1072 3024 qui
1087 2961 1129 3010 est
1145 2957 1217 3027 repi·
1264 3014 1266 3019 ,

166 3046 259 3112 questo
283 3041 297 3094 e
320 3037 500 3094 abbendonie
523 3037 554 3092 di
573 3037 632 3093 luce
750 3055 810 3092 meu
828 3038 977 3112 temporale

119 3130 153 3162 ¹⁰⁵
168 3127 200 3180 V.
219 3141 269 3180 uec
286 3125 393 3179 tertium
412 3123 597 3195 operationem
704 3123 737 3156 ¹¹⁴
754 3123 786 3177 L.
804 3123 842 3176 M.
860 3129 925 3177 suut
941 3139 985 3179 res
1002 3123 1133 3179 adoerm

182 3210 215 3264 A.
235 3211 268 3265 ab
286 3227 317 3264 eo
334 3210 432 3282 recipit
450 3208 535 3263 lucem
702 3208 736 3240 ¹¹⁵
752 3223 852 3278 supra,
882 3207 954 3276 quod
983 3207 1012 3262 in
1036 3207 1091 3263 fine
1114 3209 1217 3265 addunt

118 3298 151 3331 ¹⁰⁶
167 3296 346 3366 Oonjecturae
363 3299 479 3360 nostrae,
504 3309 559 3347 non
576 3309 631 3365 per
750 3290 823 3359 editi,
841 3293 919 3348 abest
936 3291 1044 3347 acodd.
1061 3308 1149 3364 neque
1168 3294 1216 3349 ha·

167 3382 251 3436 lucem
268 3381 383 3451 praticae,
401 3379 448 3433 sed
464 3379 549 3434 iucem
566 3395 630 3449 pru·
749 3376 809 3431 buit
825 3376 945 3433 Ficinus.

166 3468 220 3520 tiae
251 3480 309 3520 esse
338 3463 523 3527 scribendum,
550 3477 631 3532 quam
682 3460 747 3531 Gap.
765 3461 798 3514 V.
837 3461 896 3515 ¹A.
915 3462 947 3515 L.
966 3461 1068 3535 Mopsi,
1086 3462 1200 3518 dicentis

164 3549 289 3618 probavit
306 3549 417 3615 Frutic,
440 3546 631 3602 contradicunt
726 3547 838 3601 5Εᾱίῖῖ.
858 3552 954 3602 contra
971 3547 1124 3602 unanimem
1143 3547 1216 3602 codi-

167 3635 273 3689 codices
291 3650 352 3688 cum
367 3632 471 3687 Ficino.
498 3632 569 3686 Puta
582 3631 631 3700 igi·
751 3648 812 3687 cum
847 3648 1009 3687 consensum
1041 3631 1217 3698 (hemmera-

164 3723 210 3773 tur
244 3719 278 3774 ab
313 3735 344 3772 eo
379 3718 477 3788 recepit
510 3716 632 3771 absolute
750 3718 814 3772 dum
830 3733 860 3772 se
877 3716 971 3773 tabuit
988 3718 1055 3772 deci

165 3804 265 3858 dictum
274 3818 333 3857 esse
342 3818 391 3872 pro
410 3802 440 3857 id
449 3802 483 3857 ab
495 3818 525 3855 co
535 3803 633 3873 recipit

168 4009 201 4042 ¹⁰⁶
219 4006 260 4062 Of.
278 4009 433 4061 Aucrosuu
451 4010 573 4060 nostrum
596 4007 624 4060 in
648 4006 763 4076 epistola
785 4007 821 4061 ad
838 4007 977 4074 Principes
995 4006 1101 4062 italicos
1118 4011 1144 4074 (ξ
1165 4013 1215 4075 10.)

96 4078 130 4131 dc
147 4076 265 4130 Henrico
284 4075 341 4129 Vll.
360 4076 507 4129 dicentem:
526 4073 596 4139 „Hic
614 4081 655 4129 est
690 4090 751 4128 uem
770 4075 906 4141 Clemens,
924 4092 997 4129 nunc
1014 4076 1088 4130 Pctri
1107 4092 1214 4132 succes·

97 4161 156 4209 sor,
179 4145 239 4199 luce
257 4144 423 4212 apostolicae
445 4141 639 4197 benedictionis
664 4143 670 4156 '
692 4143 808 4207 nminat,
835 4149 866 4198 ut
888 4143 935 4196 ubi
957 4143 1050 4199 radius
1067 4144 1215 4213 spiritualis

96 4230 151 4268 non
169 4212 281 4271 sufficit,
300 4212 338 4266 ibi
356 4211 482 4280 splendor
499 4209 643 4265 minoris
660 4211 844 4267 luminaris
862 4211 987 4267 illustret.

165 4281 237 4350 Cap.
255 4280 291 4337 V.
330 4284 336 4313 ¹
355 4279 501 4335 Genesis
518 4279 617 4332 XXIX.
636 4283 677 4334 34.
697 4283 738 4335 35.
