2940 5040
381 109 516 165 DANTIS
534 109 753 165 MONARGHIA
769 110 803 164 Π.
822 109 851 166 C.
870 116 895 169 1.
1160 113 1197 173 51

75 284 173 352 realis
202 288 235 350 61
266 283 445 368 personalis
474 281 610 348 hominis
646 283 689 347 ad
715 282 877 350 hominem
904 284 1083 370 proportio,
1117 305 1201 368 quae

75 392 205 454 servata
233 383 395 451 hominum
424 389 532 451 servat
561 384 762 468 societatem,
791 391 823 452 61
848 392 996 471 corrupta
1018 389 1197 474 corrumpit.

75 492 160 556 Nam
189 489 248 553 illa
274 485 481 567 Digestorum
511 485 699 572 descriptio,
731 507 794 553 non
823 485 901 553 dicit
930 487 1017 569 quod
1046 490 1124 572 quid
1152 494 1233 558 6615

71 592 170 677 juris,
194 591 253 657 sed
275 587 427 654 describit
454 588 536 654 illud
557 608 615 674 per
642 589 787 655 notitiam
810 588 920 656 utendi
948 590 1014 657 illo.
1066 591 1102 657 Si
1125 611 1200 674 ergo

76 689 220 756 definitio
249 689 312 754 ista
342 689 424 756 bene
451 688 548 772 quid
577 695 642 773 est,
673 696 705 757 et
734 710 856 772 quare
884 692 1139 778 comprehendit,
1169 700 1201 762 61

75 791 247 876 cujuslibet
268 791 431 858 societatis
452 790 524 857 finis
547 797 596 860 cst
618 810 783 858 commune
805 792 962 859 sociorum
986 794 1116 878 bonum,
1142 816 1196 861 ne·

76 914 167 962 cesse
197 896 260 976 est,
296 892 393 959 finem
423 893 578 976 cujusque
603 893 686 978 juris
714 895 831 960 bonum
860 914 1025 961 commune
1053 915 1138 979 esse,
1167 901 1201 962 et

75 994 276 1079 impossibile
304 1000 354 1060 est
379 994 435 1079 jus
464 1014 551 1077 esse,
583 995 698 1062 bonum
721 1015 888 1062 commune
916 1016 992 1063 non
1021 996 1197 1064 intendens.
1219 1003 1250 1052 10

75 1099 211 1182 Propter
234 1095 321 1177 quod
341 1097 424 1162 bene
447 1097 609 1163 Tullius
631 1096 665 1161 in
685 1097 790 1180 prima
806 1096 991 1164 Rhetorica:
1013 1096 1199 1181 „Semper,“

74 1198 193 1282 inquit,
216 1195 281 1281 „ad
294 1197 466 1264 utilitatem
481 1197 690 1282 Reipublicae
712 1200 802 1282 leges
816 1199 1074 1283 interpretandae
1096 1199 1199 1267 sunt.“

77 1299 169 1381 Quod
196 1299 224 1364 si
251 1298 295 1364 ad
322 1300 493 1367 utilitatem
522 1319 646 1383 eorum,
676 1301 906 1383 quisuntsub
930 1300 1198 1384 163616366ᾱί-

74 1407 181 1469 rectae
202 1421 277 1467 non
300 1406 388 1485 sunt,
415 1403 504 1484 leges
525 1402 687 1469 nomine
709 1403 779 1469 solo
801 1409 889 1487 sunt,
919 1424 958 1470 re
981 1407 1088 1469 autem
1110 1403 1199 1484 leges

75 1525 146 1571 esse
175 1524 239 1570 non
266 1508 407 1587 possunt.
460 1503 565 1587 Leges
594 1503 679 1570 enim
708 1509 834 1589 oportet
862 1504 1007 1571 homines
1037 1505 1199 1572 devincire
1218 1511 1248 1560 15

74 1605 117 1671 ad
146 1604 299 1688 invicem,
332 1611 462 1690 propter
490 1625 689 1673 communem
716 1605 896 1672 utilitatem.
947 1606 1083 1689 Propter
1111 1606 1198 1688 quod

74 1708 156 1774 bene
180 1705 335 1773 Seneca
357 1704 398 1772 de
419 1706 493 1788 lege
513 1706 547 1770 in
569 1707 652 1775 libro
676 1707 717 1775 de
742 1712 879 1789 quatuor
900 1706 1085 1791 virtutibus,
1115 1707 1196 1791 „Le-

73 1828 147 1891 gem
182 1807 363 1874 vinculum“
395 1807 473 1874 dicit
505 1807 685 1892 „humanae
721 1807 916 1874 societatis.“
966 1809 1060 1873 Patet
1091 1808 1197 1892 igitur,

75 1909 161 1994 quod
183 1910 373 1992 quicumque
388 1909 507 1976 bonum
528 1910 736 1994 Reipublicae
758 1907 910 1992 intendit,
935 1907 1031 1975 finem
1048 1908 1131 1993 juris
1152 1909 1197 1972 in-

73 2013 185 2080 tendit.
241 2012 277 2078 Si
308 2031 384 2095 ergo
416 2012 551 2077 Romani
592 2014 708 2079 bonum
745 2011 953 2096 Reipublicae
985 2010 1196 2096 intenderunt,
1215 2021 1248 2071 20

74 2133 185 2180 verum
208 2113 267 2179 erit
289 2112 411 2197 dicere,
433 2111 528 2180 finem
547 2114 630 2199 juris
651 2113 836 2182 intendisse.

117 2298 128 2330 ¹
146 2298 179 2351 A.
198 2298 385 2369 corrurnpitor
691 2300 712 2331 ¹¹
728 2298 761 2352 F.
780 2299 889 2353 nornine
906 2297 993 2352 solam
1011 2303 1076 2351 suat

118 2384 128 2415 ¹
145 2382 177 2434 A.
198 2382 273 2453 qaod
288 2381 424 2452 quidquid
439 2413 473 2422 -
490 2382 521 2435 F.
536 2381 612 2452 quod
689 2385 711 2416 ¹¹
727 2383 761 2438 F.
778 2383 818 2437 Μ.
836 2383 870 2437 V.
889 2381 1030 2438 devincere
1046 2412 1080 2423 -
1104 2383 1138 2435 A.
1156 2382 1197 2438 de'-

42 2521 46 2529 ,
142 2467 250 2537 quidem
729 2467 821 2522 videre

117 2553 128 2586 ¹
145 2553 182 2605 M.
201 2558 242 2607 est
250 2553 304 2622 jus
690 2553 711 2585 ¹¹
728 2551 798 2606 Edd.
817 2567 900 2621 qaum
919 2553 947 2606 in
966 2551 1035 2606 libro

117 2635 399 2707 1661666616-
424 2635 458 2690 F.
476 2635 514 2689 M.
532 2635 564 2690 V.
584 2644 610 2690 et
747 2642 866 2706 quatuor
883 2636 959 2691 deest
974 2637 1002 2690 in
1019 2636 1053 2689 L.

141 2723 207 2792 quia
224 2751 259 2760 —
275 2721 309 2774 II.
328 2726 355 2775 et
372 2737 452 2791 quem
744 2721 778 2774 H.
796 2722 940 2777 virtutibus
957 2721 1161 2786 cardlinalibus)

118 2805 180 2859 9Η.
198 2805 345 2877 cujuslibet
355 2807 435 2876 juris
689 2805 711 2840 ¹⁸
728 2805 761 2858 F.
779 2805 814 2859 Η.
834 2806 867 2860 V.
886 2806 960 2861 dicat

102 2890 124 2924 ¹¹
140 2896 218 2958 sunt,
242 2889 314 2958 quod
332 2891 409 2945 codd.
428 2891 530 2946 habent
552 2906 608 2946 om·
679 2890 708 2957 ¹¹,
720 2889 783 2943 ¹⁰H.
790 2890 889 2945 omittit
896 2889 1160 2961 quaeinterprimnm
1169 2893 1197 2945 61

140 2991 197 3044 nes,
215 2976 343 3031 omittunt
361 2975 421 3030 edd.
728 2976 842 3029 alterum
859 2975 1037 3046 Respublicae
1059 2977 1192 3044 leguntur.

157 3060 190 3114 F.
208 3061 240 3114 P.
256 3060 306 3115 sub
325 3060 384 3130 leqe
402 3059 520 3115 directae
687 3060 709 3091 ²¹
728 3059 761 3112 A.
780 3075 873 3113 omum
891 3068 931 3114 est

140 3212 215 3282 cop.
232 3211 268 3268 V.
304 3213 315 3246 ³
331 3211 407 3266 Haec
422 3211 491 3281 juris
509 3209 639 3276 definitio,
657 3210 729 3265 unde
747 3217 836 3265 sumta
854 3211 901 3276 sit,
919 3211 1019 3265 nescio.
1092 3213 1102 3244 ⁵
1119 3211 1151 3264 L.
1174 3215 1194 3263 l.

72 3296 113 3350 pr.
130 3280 191 3350 Dig.
208 3280 251 3335 De
268 3279 379 3334 lustitia
396 3283 424 3335 et
438 3279 500 3348 jure
516 3279 547 3344 (l.
567 3285 613 3342 la:
639 3278 693 3345 „Ut
709 3279 845 3348 eleganter
863 3279 956 3334 Celsus
974 3277 1075 3343 definit,
1089 3279 1135 3348 jus
1154 3284 1196 3333 661

72 3365 116 3404 ars
133 3349 199 3406 boni
215 3351 244 3404 61
252 3349 361 3417 aequi.“
434 3350 454 3381 ¹¹
473 3347 576 3402 016666
593 3346 628 3402 de
645 3346 801 3401 Inventione
818 3347 839 3400 I.
855 3351 886 3401 38
897 3351 960 3412 (68.)
980 3346 1082 3415 „Quam
1094 3348 1194 3401 obrem

71 3417 153 3486 igitur
175 3418 247 3487 leges
265 3416 369 3472 servari
386 3419 507 3486 oportet,
534 3415 568 3470 ad
586 3430 646 3469 eam
664 3431 774 3470 causam
798 3415 900 3485 scripta
918 3416 1007 3471 omnia
1023 3415 1195 3484 interpretari

72 3485 208 3540 convenit:
227 3486 338 3551 hocest,
357 3485 483 3554 quoniam
491 3482 658 3552 reipublicae
675 3484 812 3550 servimus,
831 3499 864 3537 ex
879 3483 1043 3553 reipublicae
1053 3481 1193 3538 commodo

72 3560 153 3633 atque
169 3553 288 3636 utilitate
304 3553 377 3621 leges
394 3554 629 3634 interpretemur.“
718 3554 739 3585 ¹⁷
755 3553 905 3634 anmps
923 3553 1009 3633 abbas
1026 3551 1194 3616 Dnumnsrs,

71 3619 1193 3768 tell.3¹3¹.⁰.⁰.ul.llll⁰lltl¹l.¹sslll¹‘’lllu”discussurus

72 3757 148 3811 Tom.
168 3758 201 3824 X,
219 3775 246 3826 p.
266 3762 315 3812 382
326 3762 377 3826 sq.)
395 3757 460 3826 Gap.
476 3761 506 3810 4:
525 3755 653 3822 „lustum
670 3773 726 3811 non
743 3763 837 3811 nostra
855 3759 1021 3821 constitutio,
1039 3754 1087 3810 sed
1104 3754 1193 3808 divrna

70 3826 115 3881 lex
133 3829 190 3890 est,
216 3832 244 3880 et
260 3826 396 3880 vinculum
414 3824 552 3880 societatis
575 3825 736 3878 humanae.“
759 3855 793 3864 —
818 3825 878 3879 Hoc
896 3826 1055 3894 opusculum
1073 3823 1193 3878 Senecae

71 3893 173 3975 injuria
195 3894 292 3959 tribui,
317 3911 399 3962 quum
424 3892 580 3973 convivium
602 3892 746 3974 scriberet,
769 3892 934 3948 intellexisse
958 3893 1062 3974 videtur
1079 3891 1192 3946 Dentes.

71 3961 112 4017 lbi
130 3977 202 4016 emm
220 3962 278 4026 (llI.
296 3966 331 4028 8.)
348 3978 403 4016 non
420 3961 526 4031 adpecto
543 3967 780 4016 auctorrsnomme
796 3968 925 4030 provocat
936 3961 972 4016 ad
988 3961 1086 4016 librum
1104 3959 1193 4030 „delle

72 4038 184 4100 quatere
202 4032 274 4084 virid
291 4029 453 4085 cardinali.“

952 4117 989 4169 4*
