2940 5040
565 360 849 418 Pncuunnnunn.

253 538 300 608 Ad
321 549 441 608 textum
469 539 604 609 latinum
633 549 720 608 recte
747 536 1021 626 constituendum,
1049 561 1145 631 quam
1167 536 1266 631 pluri·

153 691 242 739 mum
283 675 368 736 certe
402 666 551 736 conlerre
585 675 709 760 poterat
742 663 816 735 libri
843 663 1266 754 Palatino-Vaticani,

154 795 207 890 qui
241 794 379 889 optimae
414 803 506 863 notae
542 793 769 888 manuscriptis
805 791 1069 863 adnumerandus
1097 802 1161 880 est,
1195 791 1268 860 dili·

154 944 234 1015 gens
268 920 469 991 examinatio.
522 919 617 989 llunc
650 919 793 989 laborem
828 918 860 988 in
895 942 930 988 se
957 918 1139 1013 suscepisse
1167 918 1268 988 refert

153 1048 256 1119 editor
282 1045 397 1139 („Non
420 1046 539 1117 lasciui
558 1046 592 1115 di
609 1069 709 1139 porro
727 1068 748 1115 a
766 1046 927 1140 propitio.
950 1100 957 1112 .
980 1101 986 1112 .
1009 1045 1057 1115 .a'l
1081 1044 1151 1116 cod.
1177 1042 1267 1113 Voti-

154 1199 246 1260 cano,
275 1174 456 1245 enuntiante
484 1173 527 1243 do
552 1196 602 1242 me
629 1176 791 1266 ctecco“),
821 1182 867 1263 et,
901 1172 927 1242 si
954 1183 1100 1242 accurate
1128 1198 1166 1243 eo
1195 1197 1268 1268 per·

155 1303 285 1373 functus
313 1311 409 1389 esset,
436 1300 571 1370 mirilico
598 1298 743 1369 codicem
772 1298 862 1370 illum
892 1322 965 1370 cum
995 1299 1162 1395 impressis
1190 1325 1268 1372 con·

156 1452 270 1499 sonare
296 1425 469 1497 dicendum
500 1427 599 1511 loret3
626 1450 684 1521 per
701 1428 846 1519 integros
865 1427 952 1496 enim
980 1439 1044 1497 tres
1062 1426 1268 1499 Monarchiae

155 1556 256 1626 libros
290 1577 356 1623 non
389 1554 462 1649 plus
496 1578 592 1648 quam
620 1552 751 1646 triginta
778 1552 920 1624 Vaticani
948 1554 1068 1624 codicis
1095 1556 1198 1625 varias
1225 1556 1269 1627 le·

157 1683 279 1753 ctiones
313 1680 405 1751 video
439 1690 574 1751 notatas.
627 1679 707 1750 Rem
735 1704 810 1749 vern
838 1680 934 1772 longe
961 1681 1052 1751 aliter
1079 1704 1113 1751 se
1141 1680 1269 1772 babere,

156 1808 394 1880 adnotationem
415 1818 571 1897 nostram,
597 1807 699 1878 obiter
726 1807 832 1897 etiam,
859 1808 1068 1902 perlustrans,
1096 1808 1268 1903 intelliges.

158 1936 250 2020 Quod
269 1958 345 2004 vero
373 1934 564 2023 mirabilius,
591 1932 720 2026 triginta
748 1932 875 2004 illarum
904 1935 1092 2025 lectionum,
1117 1936 1269 2007 alurrio

158 2063 347 2151 relatarum,
375 2085 439 2132 non
469 2061 577 2132 minus
604 2070 727 2157 septem
755 2061 848 2131 aliter
875 2086 971 2156 quam
1001 2064 1032 2132 in
1062 2063 1132 2158 ipso
1159 2064 1270 2135 codice

157 2190 315 2268 habentur
334 2187 486 2279 exbiberi,
504 2187 702 2259 lloebleri
723 2188 859 2277 collatio,
878 2211 973 2282 quam
993 2191 1269 2262 accuratissimam

158 2340 228 2388 esse
251 2314 372 2410 judico,
398 2325 537 2386 statuere
564 2338 624 2384 nos
647 2310 784 2411 jubetli)

242 2583 261 2646 Ι5)
279 2579 364 2635 Libl
382 2595 441 2648 cap.
454 2586 481 2634 it
495 2580 539 2634 lin.
551 2583 591 2642 82,
601 2584 633 2634 83
651 2580 686 2633 ad
705 2581 746 2635 sni
764 2585 856 2635 textus
872 2580 970 2636 verba:
988 2583 1030 2636 Et
1046 2598 1181 2638 rursus:
1201 2585 1272 2640 Ho-

158 2675 263 2728 mines
282 2663 501 2742 principibus
518 2673 597 2727 aliis
614 2674 893 2744 appropinquant
909 2680 987 2729 notat
1000 2676 1078 2730 Turr.
1094 2677 1155 2742 „Sic
1168 2678 1271 2733 inCod.

159 2766 246 2820 Vatic.
258 2765 459 2822 —Homines
476 2766 554 2822 deest
571 2766 598 2820 in
617 2767 723 2836 vulg‚“;
743 2768 791 2822 sed
811 2784 866 2822 vox
883 2766 1048 2834 homines,
1067 2786 1137 2838 qnae
1147 2786 1235 2840 neque
1245 2774 1273 2826 in

159 2858 455 2925 Palatino-Vaticano,
484 2875 572 2929 neque
600 2860 627 2914 in
651 2861 707 2915 ullo
733 2861 787 2915 alio
814 2876 907 2915 eorum
934 2863 980 2929 qni
1008 2863 1072 2917 mihi
1096 2864 1273 2918 innotuerunt

160 2953 228 3007 libro
246 2969 326 3008 manu
345 2959 455 3008 exarato
473 2953 596 3017 babetur,
615 2969 689 3008 mero
700 2953 790 3008 Turrii
808 2954 919 3009 arbitrio
930 2961 1044 3023 accepto
1058 2957 1171 3012 ferenda
1179 2964 1273 3012 est.-

160 3046 264 3100 Eodem
288 3045 345 3100 lere
363 3047 445 3101 modo
474 3047 566 3114 lapsus
584 3051 626 3101 est
644 3047 670 3100 in
689 3046 750 3101 loco
766 3047 827 3101 Lib.
846 3048 872 3100 lI
889 3063 947 3115 cap.
970 3052 977 3099 1
1001 3049 1045 3102 lin.
1069 3055 1114 3119 is,
1140 3066 1219 3118 quem
1246 3052 1272 3105 in

161 3144 239 3193 textu
257 3140 295 3192 ita
313 3138 394 3207 legit:
412 3144 448 3193 nt
467 3140 697 3194 adversentur
712 3138 855 3193 Domino
874 3155 949 3205 suo,
968 3147 1000 3195 et
1018 3143 1116 3197 unico
1135 3145 1273 3198 snoRo-

88 3258 94 3269 ·
162 3248 260 3286 mano
278 3231 441 3299 Principi‚
468 3232 495 3285 in
514 3237 662 3287 notavere
681 3233 765 3288 refert
783 3233 846 3297 „Sic
863 3250 914 3288 nos
932 3249 992 3289 cum
1012 3236 1041 3298 C.
1059 3236 1121 3290 Vat.
1141 3243 1169 3291 et
1189 3237 1274 3291 licini

161 3325 296 3380 versione:
317 3326 392 3392 vulg.
411 3330 539 3380 uneto.“
575 3327 699 3381 Revera
722 3331 811 3380 autem
835 3332 890 3380 tam
909 3327 1069 3383 Pal-Vatic¹
1089 3345 1169 3398 quam
1189 3331 1274 3385 Felin.

162 3417 292 3472 exhibent
313 3423 348 3472 et
371 3425 476 3474 uncto
500 3434 560 3474 suo
578 3421 666 3474 Rom.
685 3419 790 3473 Princ.
809 3451 840 3458 —
866 3419 965 3474 Ultima
988 3422 1084 3488 capitis
1111 3424 1224 3478 secundi
1248 3426 1274 3478 in

162 3511 258 3565 endem
283 3511 351 3566 libro
372 3513 457 3567 verba
480 3514 518 3566 ita
542 3513 683 3567 constituit
704 3513 830 3567 Turrino:
857 3529 926 3567 cnm
953 3519 985 3567 et
1011 3514 1153 3569 humana
1180 3525 1276 3572 extra

163 3613 363 3673 quaeratur,
385 3606 575 3662 annaliter
600 3622 694 3676 quam
714 3621 771 3673 per
789 3607 901 3674 signa,
928 3608 1102 3673 voluntas,
1130 3610 1221 3677 quod,
1246 3617 1276 3665 ut

163 3713 256 3752 verum
281 3699 383 3761 dicam,
401 3714 484 3754 sensu
503 3704 586 3756 caret.
621 3699 674 3754 Sed
692 3709 759 3755 nota
775 3700 811 3754 ad
828 3700 896 3755 baec
913 3700 998 3754 verba
1015 3702 1142 3768 apposita
1178 3703 1276 3770 triplici

163 3807 253 3846 errore
272 3792 391 3849 laborat:
415 3793 512 3847 falsum
532 3794 601 3847 enim
621 3800 677 3858 est,
696 3800 799 3849 textum
818 3793 908 3847 'l'nrrii
925 3809 1074 3848 consonum
1093 3810 1153 3849 esse
1170 3796 1276 3850 italicae

163 3886 290 3950 versioni,
309 3900 378 3952 quae
395 3887 433 3940 ita
452 3892 585 3954 concepta
597 3893 647 3940 est:
668 3886 884 3955 „coaea'ossa'aclrt
901 3886 987 3942 oncle
1005 3887 1032 3942 la
1050 3904 1150 3942 amana
1168 3888 1277 3943 nolonte

163 3995 217 4034 aon
235 3980 261 4032 si
276 3993 435 4034 conoscere
452 3996 507 4033 non
521 3981 565 4050 pc'
582 3981 660 4051 sepnr'
676 3982 829 4042 esteriori“,
847 3981 906 4042 ubi,
930 3981 1030 4034 utalia
1047 3987 1165 4046 taceam,
1192 3987 1277 4049 patet,

164 4087 237 4135 „aon
248 4071 433 4126 siconoscese
446 4077 520 4126 raon“
537 4073 703 4140 respondere
714 4073 803 4129 verbis
821 4090 884 4128 non
904 4075 1006 4129 aliter
1025 4080 1203 4137 cernatur,
1222 4091 1277 4129 non

164 4163 288 4229 vernile,
306 4179 376 4231 quae
391 4163 474 4219 habet
490 4165 612 4231 Turrius,
630 4171 828 4235 quaeratur,
847 4183 911 4222 non
929 4169 1043 4222 aliter.
1071 4168 1164 4237 Neque
1182 4184 1276 4223 verum

166 4261 221 4312 est:
247 4257 294 4323 „In
312 4258 447 4326 vulgatisu
473 4256 499 4322 (i.
518 4274 540 4312 e.
558 4259 587 4312 in
607 4260 773 4314 editionibus
792 4260 905 4315 Venetis
923 4266 987 4325 etc.)
1006 4261 1111 4323 „minus
1129 4267 1202 4316 recte
1221 4262 1275 4330 legi
