2940 5040
520 365 806 422 PROLEGOMENA.
1158 369 1225 423 XXI

104 541 194 614 enim
215 550 309 611 uotae
328 540 439 612 codice
456 565 551 613 usum
573 565 644 613 esse
672 541 805 614 doctum
832 546 1043 639 interpretem
1071 544 1223 616 facillime

105 669 326 765 cognoscitur.
381 669 494 765 Neque
529 680 593 740 tem
620 668 824 741 Fratioellius
858 694 954 766 quam
990 668 1128 743 Turrius
1162 673 1225 743 hoc

105 796 289 869 subsidium
309 796 445 868 omuino
465 797 696 891 neglexeruut3
723 806 771 867 tot
796 820 874 868 vero
900 807 1053 893 tantaque
1080 810 1158 870 sunt
1183 801 1224 872 ab

105 933 244 1021 utroque
271 948 386 996 eorum
414 925 654 1019 praetermissa,
681 934 716 994 ut
744 925 991 997 successoribus
1018 923 1223 1020 spicilegium

106 1053 217 1124 miuus
252 1076 349 1149 quam
378 1075 521 1122 messem
548 1052 767 1146 colligendam
793 1051 964 1147 reliquisse
991 1052 1058 1124 sint
1083 1052 1225 1124 dicendi.

207 1178 350 1250 Alterius
369 1178 538 1270 versionis,
555 1201 636 1274 quae
654 1177 859 1249 Ficinianam
878 1179 1001 1275 aliquot
1018 1178 1114 1250 aunis
1132 1204 1225 1275 prae·

105 1307 244 1379 cessisse
280 1306 417 1397 videtur,
450 1306 594 1402 primum
622 1315 734 1401 caput,
771 1317 803 1376 et
827 1306 963 1395 secundi
990 1306 1112 1402 primas
1139 1306 1225 1378 XVI]

104 1434 208 1506 lineas
226 1430 370 1532 (nostrae
388 1433 564 1524 editionis),
590 1443 621 1504 et
638 1443 804 1528 praeterea
823 1433 975 1508 ultimum
1003 1443 1099 1529 caput
1126 1435 1225 1506 totius

106 1562 216 1658 operis
242 1586 260 1633 o
288 1561 400 1633 codice
417 1559 637 1633 Riconnnmuo
664 1559 765 1633 edidit
783 1559 969 1634 Turrius.
1015 1560 1088 1632 Non
1114 1570 1225 1633 tamen

106 1686 178 1782 ejus
212 1688 371 1760 momenti
407 1687 488 1759 mibi
521 1688 588 1759 visa
622 1699 671 1759 est
698 1687 777 1761 haec
804 1688 981 1778 translatio,
1009 1699 1043 1760 ut
1069 1689 1109 1760 de
1135 1700 1226 1785 parte

105 1815 227 1886 inedita
255 1839 418 1887 curarem.

209 1942 370 2034 Tertiam,
403 1966 541 2039 eamque
568 1942 717 2013 omnium
744 1942 1004 2038 antiquissimam
1030 1945 1227 2035 versionem,

106 2071 141 2141 in
175 2070 287 2142 codice
322 2070 544 2165 manuscripto
579 2068 790 2140 bibliothecae
826 2068 998 2140 nationalis
1034 2070 1226 2144 Parisiensis

105 2197 251 2270 indicare
290 2197 417 2268 videtur
443 2196 567 2268 Aaron.
594 2194 815 2288 lllmsaun.¹⁵)
868 2193 970 2268 Doleo
1006 2195 1138 2293 quidem
1173 2220 1226 2268 me

105 2325 308 2398 accuratiore
342 2322 439 2418 hujus
474 2323 595 2396 codicis
631 2324 744 2394 notitia
778 2346 903 2414 carere;
945 2323 1001 2395 sed
1045 2322 1226 2395 auctoritati

105 2451 282 2526 Marsandii
315 2453 355 2525 de
390 2462 493 2523 aetate
520 2451 711 2548 meritisque
737 2451 897 2522 librorum
925 2451 1225 2546 manuscriptorum

100 2579 280 2675 judicantis
313 2579 535 2676 permodicam
569 2579 669 2652 tidem
702 2578 884 2651 habendam
912 2603 1002 2670 esse,
1034 2580 1149 2650 harum
1177 2601 1227 2648 re·

107 2732 183 2780 rum
209 2707 305 2805 periti
334 2731 400 2778 nou
429 2702 650 2805 ignorantffi)

159 3014 186 3078 ¹⁵)
212 3009 422 3065 IMoaoscrr'tte'
438 3007 546 3064 t'toliont‘
566 3006 640 3062 detta
662 3004 696 3061 R.
719 3003 1107 3077 Bittiot.Pet9ina1.125.
1141 3004 1227 3071 „Cod

106 3108 183 3160 7764.
218 3085 248 3158 Ε
261 3103 474 3170 membranaceo,
489 3099 633 3174 inpiceolo
645 3097 745 3171 soatio,
757 3114 927 3171 pergamene
936 3097 1086 3153 bellissime.
1097 3098 1230 3154 carattert'

106 3197 370 3265 tendentemque·
386 3214 456 3269 pap.
474 3197 540 3261 236,
565 3209 642 3248 verso
661 3192 687 3246 ta
709 3192 766 3262 fine
785 3190 830 3246 del
845 3191 934 3247 secolo
953 3190 1035 3258 XIV,
1052 3208 1096 3246 mo
1119 3191 1227 3263 dispro-

106 3295 270 3349 ztatamente
286 3295 429 3346 moneante
446 3290 477 3344 dt
492 3286 609 3360 quelche
624 3286 723 3358 sopito.
759 3285 897 3340 Commota
914 3300 965 3341 con
984 3300 1021 3338 un
1038 3284 1227 3355 votqarrizze

106 3391 197 3442 meato
214 3385 260 3440 del
277 3384 346 3441 tolero
363 3383 435 3439 della
443 3379 608 3438 Moneredio
626 3379 657 3434 di
666 3379 774 3443 Dante,·
790 3378 1040 3444 volgarizzamento
1059 3377 1110 3433 den
1127 3377 1226 3450 dequo.

106 3479 226 3536 secondo
243 3477 293 3533 cde
309 3478 348 3532 mi
364 3492 446 3549 pare,
463 3475 503 3530 de'
522 3474 576 3547 piet
598 3473 643 3529 tei
663 3475 748 3542 tempi
769 3470 842 3525 delle
859 3476 955 3527 nostra
971 3470 1091 3541 sacello,
1108 3487 1124 3525 e
1141 3477 1227 3527 certa-

106 3578 196 3628 mente
219 3571 328 3626 inedito.
363 3568 413 3624 Ne’
435 3568 556 3640 margini
580 3566 707 3638 leggono·
737 3565 836 3621 elnone
858 3579 969 3619 succose
991 3563 1124 3618 notoretle
1150 3571 1227 3620 anto·

105 3666 191 3740 prose
208 3666 239 3721 a·
253 3667 358 3735 Jacopo
376 3660 536 3724 vortemer,
558 3660 606 3732 yid
620 3674 777 3731 possessore
793 3658 840 3714 del
855 3657 948 3714 codiee
960 3662 1098 3728 presente,
1117 3658 1184 3712 eom'
1194 3651 1229 3714 'ee‘

106 3760 193 3816 loscio
209 3759 304 3814 scritto
321 3756 353 3811 di
362 3756 483 3828 proprio
500 3770 581 3808 mano
599 3758 629 3807 in
645 3752 691 3807 sul
701 3753 844 3824 principio
862 3750 935 3806 delle
946 3751 1042 3821 prima
1054 3752 1174 3822 popina:

195 3854 223 3918 ¹⁶)
242 3850 283 3907 (li.
302 3849 501 3918 Prolegornena
518 3851 621 3909 nostra,
636 3846 694 3915 jum
713 3846 796 3900 citata
813 3861 839 3914 p.
858 3843 1066 3899 LXII-LXIV.
