2940 5040
344 360 479 417 DANTIS
496 359 716 417 MONAROHIA
733 363 753 415 I.
773 358 801 415 (l.
823 365 861 416 12.
880 362 942 426 (1⁴),
963 365 992 415 13
1010 361 1072 425 (15).
1229 356 1269 418 25

153 536 246 606 ctiam
267 541 373 619 patet,
403 534 489 618 quod
517 534 663 616 quamvis
685 533 802 601 Consul
831 533 899 599 sive
932 535 1002 600 Rex
1030 540 1176 619 respectu
1198 534 1270 599 viae

153 639 212 704 sint
233 635 352 704 domini
369 637 518 721 aliorum,
541 642 688 721 respectu
709 640 816 700 autem
835 635 960 700 termini
982 636 1116 702 aliorum
1137 637 1272 703 ministri
1290 653 1322 704 55

152 747 236 823 sunt,
270 744 303 805 et
334 739 474 805 maxime
506 739 694 822 Monaroha,
728 737 783 820 qui
814 738 957 805 minister
991 739 1130 806 omnium
1162 741 1272 824 procul

152 841 247 908 dubio
271 841 438 908 habendus
459 846 516 907 est.
553 841 636 906 Hinc
651 841 747 906 etiam
761 841 826 905 iam
840 841 1035 909 innotescere
1049 846 1163 927 potest,
1187 842 1273 925 quod

151 943 324 1012 Monarcha
344 943 553 1010 necessitatur
574 963 595 1008 a
616 941 679 1010 fine
701 942 762 1007 sibi
788 942 931 1025 praefixo
953 942 986 1007 in
1007 943 1132 1026 legibus
1153 965 1271 1029 ponen-

152 1047 208 1113 dis.
254 1045 340 1128 Ergc
367 1062 468 1127 genus
498 1045 668 1111 humanum
690 1045 748 1110 suh
771 1044 943 1111 Monarcha
969 1046 1123 1130 existens,
1153 1047 1272 1130 optime

152 1149 308 1215 sehabet:
324 1167 365 1213 ex
377 1166 439 1229 quo
451 1147 601 1231 sequitur,
614 1144 700 1228 qnod
711 1145 754 1210 ad
767 1147 846 1213 bene
855 1166 926 1214 esse
935 1147 1045 1212 mundi
1055 1148 1272 1216 Monarchiam
1290 1144 1323 1195 ⁶⁰

152 1270 283 1318 necesse
306 1254 356 1315 est
378 1268 457 1316 esse.

535 1403 661 1486 lCAPUT
683 1421 757 1468 Xffl·
781 1399 884 1486 (xv.)]

160 1614 164 1622 ,
235 1539 359 1623 Adhuc,
376 1539 432 1606 illc
448 1540 503 1622 qui
517 1545 622 1624 potest
636 1559 707 1605 esse
723 1538 841 1624 optime
854 1539 1026 1625 dispositus
1038 1540 1080 1605 ad
1092 1540 1273 1625 regendum,

153 1642 272 1726 optime
301 1641 384 1708 alios
412 1641 582 1726 disponere
610 1649 724 1727 potest.
769 1643 852 1707 Nam
875 1644 907 1708 in
930 1643 1015 1709 omni
1043 1644 1167 1710 actione
1189 1644 1272 1728 prin-

153 1745 298 1830 cipaliter
319 1743 493 1810 intenditur
514 1745 556 1810 ah
578 1751 708 1829 agente,
732 1745 800 1812 sive
822 1745 1012 1811 necessitate
1033 1750 1183 1829 naturae,
1206 1746 1274 1811 sive

153 1847 331 1923 voluntarie
353 1851 444 1931 agat,
473 1846 635 1930 propriam
657 1845 896 1913 similitudinem
918 1846 1094 1931 explicare,
1122 1847 1206 1913 unde
1228 1847 1272 1933 fit,

155 1948 240 2030 quod
263 1969 355 2014 omne
378 1966 494 2033 agens,
516 1948 549 2013 in
572 1953 723 2031 quantum
745 1948 940 2033 huiusmodi,
970 1948 1159 2033 delectatur,
1188 1949 1305 2033 quia,⁵

154 2071 249 2134 quum
272 2071 364 2118 omne
384 2050 470 2132 quod
484 2057 534 2118 est
554 2056 687 2137 appetat
702 2070 792 2114 suum
807 2070 888 2134 esse,
910 2071 949 2117 ac
963 2052 996 2116 in
1010 2051 1135 2134 agendo
1150 2051 1274 2133 agentis

154 2173 223 2220 csse
236 2152 473 2235 quodammodo
485 2154 664 2237 amplietur,
680 2153 823 2236 sequitur
838 2153 878 2221 de
889 2154 1080 2221 necessitate
1093 2153 1272 2237 delectatio,

154 2256 229 2338 quia
258 2254 430 2323 delectatio
458 2255 504 2320 rei
533 2254 733 2324 desideratae
765 2276 891 2341 semper
922 2255 1049 2322 adnexa
1077 2263 1134 2323 cst.
1182 2255 1273 2321 Nihil

153 2358 249 2439 igitur
264 2356 341 2441 agit,
357 2356 419 2422 nisi
434 2357 500 2423 tale
515 2357 664 2441 existens,
681 2358 775 2439 quale
790 2359 915 2443 patiens
929 2357 998 2424 fieri
1014 2358 1125 2443 debet,
1144 2363 1274 2444 propter

153 2458 239 2541 quod
261 2458 485 2543 Philosophus,
507 2458 611 2543 iniis,
635 2479 718 2540 quae
740 2460 779 2528 de
802 2461 987 2544 simpliciter
1002 2461 1097 2527 Fute:
1121 2457 1272 2544 „Omne“,
1293 2456 1323 2506 ¹⁰

152 2560 270 2644 inquit,
300 2558 407 2643 „quod
428 2559 589 2625 reducitur
611 2560 652 2627 de
673 2562 817 2646 potentia
838 2562 872 2627 in
893 2571 1015 2646 actum,
1037 2561 1197 2630 reducitur
1217 2582 1275 2645 per

153 2665 219 2730 tale
242 2663 382 2729 existens
404 2661 436 2726 in
460 2660 567 2746 actu“;
598 2665 684 2745 quod
712 2665 739 2730 si
759 2665 852 2730 aliter
874 2664 996 2747 aliquid
1018 2684 1113 2748 agere
1136 2669 1274 2747 conetur,

152 2767 270 2832 frustra
299 2769 437 2831 conatur.
482 2763 523 2827 Et
550 2763 624 2830 hino
653 2764 773 2833 destrui
801 2772 908 2851 potest
935 2786 1021 2833 error
1048 2767 1191 2849 illorum,
1221 2764 1275 2846 qui

153 2868 238 2934 bona
253 2864 422 2948 loquendo,
439 2871 472 2931 et
486 2867 572 2930 mala
583 2867 754 2952 operando,
771 2869 902 2934 credunt
916 2869 998 2933 alios
1009 2869 1076 2933 vita
1088 2874 1120 2934 et
1133 2866 1274 2933 moribus

148 2968 337 3049 inl'ormare3
366 2987 429 3033 non
458 2966 675 3053 advertentes,
705 2970 792 3050 quod
812 2972 885 3054 plus
910 2975 1136 3054 persuaserunt
1162 2988 1274 3035 manns
1293 2967 1323 3016 ¹5

152 3070 264 3154 Jacob,
281 3088 376 3152 quam
391 3069 500 3152 verba,
516 3069 592 3136 licet
606 3070 682 3138 illae
697 3072 822 3156 falsum,
841 3073 898 3138 illa
913 3091 1023 3139 verum
1038 3070 1273 3158 persuaderent.

177 3257 201 3290 ⁶⁶
216 3255 250 3310 Η.
270 3259 296 3308 et
313 3250 474 3320 Monercda,
492 3254 542 3324 qui
769 3259 790 3290 ¹¹
807 3257 839 3310 F.
858 3258 892 3312 de
904 3257 1030 3328 potentie
1047 3257 1085 3311 ud
1101 3259 1190 3312 nomm

180 3341 203 3375 ⁵⁷
220 3341 254 3394 A.
272 3337 335 3394 dine
359 3338 439 3392 etium
465 3338 549 3393 innot.
567 3369 600 3378 -
618 3339 689 3398 Edd.
769 3342 791 3375 ¹²
807 3342 841 3396 H.
860 3343 891 3395 L.
910 3342 948 3396 M.
968 3341 1000 3397 V.
1019 3342 1140 3396 exr'stens
1159 3344 1222 3395 ectu
1243 3369 1274 3380 -

221 3423 297 3479 Hine
314 3424 368 3478 iem
387 3422 554 3479 innotescere
808 3428 836 3481 in
854 3426 1022 3497 reposuimus
1040 3442 1101 3480 cum
1118 3426 1151 3480 A.
1171 3424 1202 3478 F.
1220 3424 1250 3478 P.

179 3511 203 3545 ⁵⁸
219 3509 333 3564 Turrius
351 3508 529 3563 necessitantur
543 3510 600 3579 fine
621 3542 650 3552 -
768 3511 790 3544 ¹³
808 3511 972 3581 quodsi...
988 3515 1104 3566 conatur
1111 3509 1181 3565 inter
1196 3507 1273 3563 codd.

237 3594 307 3649 Edd.
328 3591 430 3660 antiqu.
449 3609 548 3648 necess.
568 3595 595 3648 in
610 3595 667 3664 fine
809 3611 891 3650 mann
906 3601 1031 3650 exaratos
1049 3594 1132 3650 habet
1150 3594 1222 3650 solus
1242 3594 1275 3649 Α.

153 3679 217 3749 Gap.
236 3678 311 3732 XIll.
349 3678 359 3710 ⁴
377 3677 408 3731 P.
428 3678 565 3733 uoluntate
582 3686 649 3752 aqut
825 3680 895 3734 Edd.
914 3680 951 3735 Et
968 3680 1012 3735 ln'e
1026 3684 1118 3751 potest
1134 3679 1239 3735 destrui

188 3767 198 3798 ⁵
215 3764 285 3818 Post
311 3762 466 3819 huiusmodi
491 3765 577 3819 versio
601 3765 691 3820 Ficini
770 3767 790 3797 ¹⁴
808 3766 840 3819 F.
859 3775 885 3820 et
901 3766 971 3820 mole
987 3765 1126 3836 operando

219 3848 327 3920 uuordo
345 3847 444 3903 addere
461 3848 566 3904 videtur
771 3853 792 3884 ¹⁵
810 3851 841 3905 F.
860 3867 923 3905 num
941 3850 1109 3905 advertentes

188 3933 251 3988 οΗ.
271 3935 325 3989 nni
342 3933 396 3988 tale
412 3950 498 4005 epuns
803 3952 806 3957 ·

222 4085 295 4157 Cap.
313 4085 404 4141 xm.
441 4087 463 4119 ¹⁰
479 4087 833 4159 AarsnonnunsMetaphys.
843 4088 890 4142 lx.
901 4093 924 4143 8.
942 4087 1136 4143 Versiovetns:
1147 4085 1276 4157 „Semper

152 4153 224 4211 enim
242 4171 275 4209 ex
312 4158 429 4209 otestatc
448 4161 508 4209 ente
524 4155 556 4208 fit
563 4162 629 4210 actu
648 4172 695 4211 ens
710 4158 744 4211 ab
760 4165 825 4212 actu
841 4162 911 4222 ente,
929 4171 1034 4226 semper
1047 4161 1170 4211 movente
1184 4155 1274 4236 aliquo

151 4224 247 4346 primo.
305 4237 388 4276 cuens
404 4229 494 4277 autem
512 4227 576 4278 actu
593 4225 646 4278 iam
664 4230 732 4279 est.“
804 4225 1086 4280 nemesianus.
1107 4228 1146 4278 22.
1182 4223 1276 4292 „Drxit

168 4306 248 4347 suae:
268 4307 320 4346 vox
337 4290 444 4359 quidem
462 4307 514 4346 vox
531 4291 626 4359 Jacob,
645 4294 693 4347 sed
710 4307 805 4348 manus
822 4309 918 4349 manus
936 4299 1000 4348 sunt
1016 4294 1117 4349 Esau.“
