2940 5040
262 303 265 307 ’
338 333 473 387 narnis
492 333 711 387 noranonm
727 333 776 386 111.
796 332 823 386 o.
845 336 884 385 n.
905 337 966 398 (ιι.)

1158 327 1216 388 125

96 513 169 573 sunt
191 506 285 572 nnius
307 506 448 589 generis,
471 504 662 572 reducuntur
684 504 727 569 ad
748 525 860 585 unum,
892 503 977 584 quod
999 511 1048 568 est
1070 524 1218 569 mensura

96 609 237 675 omnium
260 628 341 690 quae
364 610 423 674 sub
445 609 501 675 illo
524 627 639 692 genere
662 614 741 672 sunt.
781 605 846 673 Sed
860 627 970 672 omnes
986 606 1130 671 homines
1146 613 1217 672 sunt

94 712 189 776 unius
217 710 358 792 generis:
387 729 462 791 ergo
491 711 610 776 debent
644 708 753 775 reduci
781 708 823 773 ad
849 730 960 791 unum,
990 713 1153 789 tamquam
1176 707 1251 773 ads

96 832 277 878 mensuram
306 813 444 877 omnium
479 834 596 878 eornm.
648 814 689 876 Et

718 830 813 893 quum
846 830 987 875 summus
1014 811 1157 877 Antistes
1186 817 1219 878 et

98 915 274 998 hperator
303 913 365 978 sint
393 915 554 997 homines,
584 915 611 979 si
640 913 799 981 conclusio
821 912 879 976 illa
901 918 950 979 est
971 933 1064 995 vera,
1094 922 1219 998 oportet

99 1014 185 1098 quod
206 1015 397 1080 reducantur
419 1015 461 1080 ad
483 1037 578 1081 unum
601 1015 769 1081 hominem.
807 1013 849 1077 Et
871 1034 966 1094 quum
981 1015 1071 1099 Papa
1093 1018 1219 1082 nonsit

96 1116 297 1183 reducendus
320 1117 362 1181 ad
384 1117 490 1200 alium,
513 1118 715 1199 relinquitur,
740 1116 825 1197 quod
847 1116 1036 1200 Imperator,
1061 1138 1131 1182 cum
1153 1139 1217 1184 om-

98 1219 193 1284 nibus
215 1218 297 1301 aliis,
323 1220 364 1284 sit
385 1218 582 1284 reducendus
596 1217 640 1282 ad
660 1219 774 1303 ipsum,
798 1225 960 1299 tamquam
982 1218 1025 1282 ad
1039 1240 1219 1286 mensuram
1239 1225 1269 1275 10

102 1327 133 1386 et
154 1320 313 1403 regulam,
343 1327 473 1405 propter
495 1319 580 1402 quod
603 1321 745 1402 sequitur
768 1320 864 1386 etiam
886 1319 971 1387 idem
991 1321 1076 1407 quod
1098 1323 1218 1389 volunt.

185 1421 237 1487 Ad
259 1424 341 1487 hanc
362 1423 518 1488 rationem
533 1421 737 1505 solvendam,
761 1422 847 1505 dico,
872 1421 956 1503 quod
979 1442 1074 1503 quum
1097 1421 1218 1489 dicunt:

98 1524 156 1606 Ea,
180 1543 262 1604 quae
285 1530 356 1590 sunt
377 1524 470 1589 unius
485 1524 619 1605 generis,
644 1529 768 1607 oportet
790 1523 899 1589 reduci
914 1523 957 1588 ad
971 1524 1102 1607 aliquod
1123 1547 1220 1592 unum

99 1625 139 1690 de
161 1625 219 1691 illo
241 1646 366 1709 genere,
390 1623 476 1707 quod
499 1630 547 1689 est
569 1629 704 1690 metrum
726 1626 758 1690 in
781 1627 861 1710 ipso,
886 1647 995 1692 verum
1019 1625 1135 1692 dicunt.
1179 1628 1220 1692 Et

99 1726 246 1792 similiter
268 1748 379 1793 verum
408 1727 532 1810 dieunt,
557 1726 713 1810 dicentes,
738 1728 823 1808 quod
846 1748 955 1793 omnes
978 1728 1122 1794 homines
1148 1735 1221 1795 sunt
1240 1735 1269 1784 15

97 1828 190 1894 nnius
213 1830 346 1911 generis.
384 1829 425 1893 Et
447 1829 593 1895 similiter
611 1850 720 1895 verum
743 1828 942 1911 concludunt,
967 1850 1062 1911 quum
1084 1833 1221 1899 inferunt

99 1952 140 1998 cx
161 1931 221 2013 his,
245 1951 353 1996 omnes
376 1931 519 1996 homines
541 1950 611 1996 esse
633 1930 831 1997 reducendos
847 1929 888 1994 ad
911 1952 1007 1996 unum
1030 1940 1164 1999 metrum
1187 1936 1220 1999 in

99 2053 157 2099 sno
180 2051 304 2113 genere.
350 2031 416 2098 Sed
445 2053 539 2113 quum
569 2053 610 2098 ex
639 2033 700 2098 hac
729 2033 929 2098 conclusione
959 2034 1156 2100 subinferunt
1179 2037 1220 2103 de

99 2135 191 2218 Papa
213 2140 245 2199 et
266 2136 475 2219 Imperatore,
498 2135 650 2199 falluntur
672 2133 845 2199 secundum
868 2134 1023 2200 accidens.
1099 2206 1101 2217 ¹

183 2234 236 2299 Ad
258 2236 348 2320 cujus
371 2234 564 2302 evidentiam
587 2235 766 2319 sciendum,
790 2236 876 2318 quod
891 2235 979 2300 aliud
1001 2242 1050 2302 est
1071 2257 1141 2305 esse
1164 2239 1218 2306 ho·
1238 2244 1271 2295 20

98 2339 226 2420 minem,
250 2342 281 2404 et
302 2336 391 2402 aliud
414 2343 462 2403 est
485 2357 556 2404 esse
570 2339 701 2421 Papam.
739 2339 780 2403 Et
802 2337 915 2404 eodem
932 2337 1036 2420 modo,
1060 2340 1148 2405 alind
1171 2347 1219 2407 est

99 2461 171 2507 esse
194 2441 368 2522 hominem,
392 2437 481 2503 alind
504 2459 575 2506 esse
596 2441 840 2524 Imperatorem;
865 2440 945 2504 sieut
966 2439 1054 2504 aliud
1077 2448 1219 2509 estesse

98 2543 269 2626 hominem,
293 2540 381 2607 aliud
404 2561 475 2607 esse
490 2547 613 2625 patrem
635 2546 667 2608 et
682 2541 858 2608 dominum:
881 2541 975 2607 homo
998 2543 1082 2607 enim
1105 2544 1217 2628 estid,

100 2644 187 2727 quod
216 2651 265 2711 est
293 2664 351 2728 per
372 2645 505 2709 formam
534 2644 865 2726 substantialem,
895 2664 951 2728 per
974 2664 1069 2725 quam
1092 2646 1219 2712 sortitur

141 2898 152 2930 ⁷
169 2897 202 2950 F.
220 2897 246 2949 si
262 2912 328 2966 erpo
344 2895 393 2949 ille
411 2903 450 2949 est
468 2912 532 2949 aero

142 2981 204 3035 ld.
223 2981 358 3052 reliquum
376 2979 452 3050 quod
467 2979 538 3052 Imp.
553 3011 586 3019 -
602 2980 632 3033 P.
684 2984 687 2993 ’

166 3065 273 3136 relique
291 3065 366 3135 qaod
374 3065 445 3137 Imp.
458 3097 488 3104 -
498 3066 536 3119 M.
546 3066 635 3135 refert

167 3151 242 3221 qaod
258 3149 328 3221 Imp.

128 3237 149 3269 ¹¹
167 3235 205 3288 M.
224 3236 348 3304 sequitur
365 3237 445 3288 etiem
463 3234 493 3288 id
510 3234 585 3304 quod
600 3264 633 3273 -

167 3321 197 3374 P.
216 3321 339 3390 sequitur
364 3322 444 3373 etiem
471 3319 541 3373 illud
562 3318 636 3390 quod

167 3436 202 3444 -
223 3404 256 3457 L.
274 3419 349 3473 sequ.
368 3407 449 3459 ettam
467 3405 542 3460 illum
560 3404 636 3475 quod

167 3519 201 3529 -
219 3489 252 3542 A.
270 3503 345 3557 sepa.
363 3490 443 3543 etiem
462 3489 537 3559 qood
552 3519 586 3529 -
600 3489 632 3542 F.

166 3590 241 3644 seqre.
268 3575 348 3627 etiem
381 3574 478 3628 ibidem
512 3577 635 3643 sequitur

168 3658 243 3728 quod

128 3744 151 3777 ¹³
168 3749 276 3816 oportet
292 3741 399 3807 reduci,
424 3742 495 3809 quod
512 3742 633 3812 reposui·

166 3843 242 3893 mus,
279 3826 383 3880 codices
416 3842 508 3881 omnes
532 3827 634 3880 habent

167 3917 195 3967 et
221 3912 347 3984 princeps
375 3912 493 3980 Oporini.
538 3912 632 3966 Poste·

168 3998 254 4052 riores
272 3997 346 4051 editt.
363 4012 451 4051 errore
469 3997 632 4067 typothetae,

168 4083 210 4138 uti
226 4082 339 4146 ridetur,
357 4088 494 4154 oporteret
511 4081 576 4136 deci

129 4169 150 4202 ¹¹
168 4168 199 4222 P.
217 4167 292 4239 quod
308 4175 348 4221 est
364 4175 477 4221 metram
495 4166 528 4220 ete
545 4167 604 4238 peso

128 4256 151 4288 ¹⁸
167 4254 199 4308 F.
218 4253 255 4308 Et
272 4255 330 4308 sen.
348 4255 428 4308 etiem
447 4267 538 4306 oerum

714 2896 734 2927 ¹⁷
752 2895 782 2948 P.
801 2898 922 2958 terserunt
939 2897 1018 2949 etiem
1038 2898 1065 2949 r're
1083 2894 1125 2949 lrt's

771 2981 804 3034 ll.
816 2997 907 3034 emeres
920 2979 1041 3035 domines
1052 2979 1220 3035 reducendos

714 3068 735 3099 ¹⁸
753 3067 783 3119 F.
802 3066 839 3119 Μ.
857 3065 1028 3135 sebirtserter
1046 3064 1079 3119 de
1096 3064 1177 3136 Pepe

712 3153 734 3184 ²¹
753 3152 787 3205 A.
805 3151 834 3204 P.
853 3167 910 3205 esse
927 3149 1068 3216 hominem,
1086 3149 1164 3204 eliud
1180 3155 1220 3203 est

712 3238 736 3270 ¹²
753 3237 787 3290 H.
808 3236 837 3289 P.
856 3235 889 3289 V.
918 3235 995 3290 elt'ed
1017 3242 1057 3288 est
1080 3251 1138 3288 esse
1164 3235 1218 3290 Im·

749 3326 907 3393 peratorem

770 3405 852 3459 elited·
865 3412 904 3458 est
922 3403 1130 3466 esseltomt'rtem,
1149 3405 1220 3473 quod

753 3489 781 3544 in
798 3494 903 3543 textum
920 3488 1102 3553 restituimus,
1120 3490 1221 3544 habent

753 3575 786 3628 Η.
798 3575 835 3628 Μ.
853 3574 883 3628 P.
894 3573 927 3626 V.
946 3578 973 3626 et
990 3573 1064 3629 editt.
1083 3575 1218 3644 antiquae.

753 3691 784 3699 -
819 3665 858 3713 est
884 3657 1052 3713 desideratur
1079 3659 1106 3712 in
1133 3660 1165 3713 L.
1194 3663 1221 3713 et

752 3745 825 3816 apud
843 3743 1006 3797 recentiores

711 3831 734 3864 ²³
751 3831 824 3884 L.P.
843 3837 869 3882 et
887 3827 965 3882 eliud
981 3836 1096 3884 estesse
1108 3834 1219 3900 petreae

752 3943 785 3951 -
812 3911 843 3964 F.
870 3911 903 3964 ll.
931 3913 963 3966 V.
994 3913 1071 3969 eliud
1096 3920 1137 3968 est
1162 3930 1220 3969 esse

747 4003 858 4069 petrem

769 4081 808 4135 M.
822 4089 931 4154 petrem
949 4083 993 4137 vel
1008 4083 1145 4138 dominnm

712 4166 734 4198 ²⁴
752 4166 784 4220 V.
798 4184 853 4237 per
870 4167 989 4236 formem
1007 4167 1220 4223 substantialiter
