2940 5040
288 356 421 411 DANTIS
441 356 659 412 MONARCHIA
677 357 724 410 ΙΙΙ.
743 358 772 411 C.
793 363 831 412 10.
854 363 892 410 ll.
913 361 972 422 tro).
1128 354 1186 417 123

68 533 183 597 inesse.
230 528 296 595 Sed
317 530 461 596 Ecclesia
484 529 610 595 omnino
633 528 822 614 indisposita
845 535 912 596 erat
934 528 976 593 ad
998 531 1190 613 temporalia

69 631 262 715 recipienda,
285 652 342 714 per
357 637 563 715 praeceptum
577 631 806 714 prohibitivum
823 651 1017 715 expressum,
1041 637 1076 696 ut
1092 632 1187 699 halre-

68 754 138 799 mus
160 754 217 818 per
238 735 501 816 Matthaeum,
526 734 585 799 sic:
608 733 737 816 „Nolite
752 732 919 817 possidere
938 754 1058 816 aurum,
1082 754 1187 815 neque

69 841 251 918 argentum,
282 854 384 917 neque
406 836 575 920 pecuniam
596 836 630 900 in
657 835 744 901 zonis
767 835 897 918 vestris,
928 856 990 900 non
1019 855 1129 918 peram
1157 835 1190 899 in
1209 831 1239 896 7'5

69 936 154 1021 via,“
178 944 237 1002 etc.
275 939 358 1003 Nam
374 940 434 1003 etsi
450 958 507 1023 per
522 938 668 1002 Lucam
683 938 836 1003 habemus
854 937 1084 1003 relaxationem
1098 957 1188 1021 prae-

70 1040 170 1123 cepti,
200 1029 353 1121 quantum
381 1039 423 1104 ad
454 1038 626 1122 quaedam3
657 1037 700 1102 ad
727 1039 962 1122 possessionem
990 1046 1096 1105 tamen
1121 1038 1190 1105 auri

69 1147 102 1209 et
124 1142 246 1223 argenti
268 1142 463 1207 licentiatam
485 1140 663 1206 Ecclesiam
677 1146 749 1224 post
764 1140 1010 1224 prohibitionem
1031 1142 1121 1205 illam
1143 1141 1188 1204 in-

70 1245 179 1310 venire
208 1264 271 1309 non
300 1243 397 1325 potui.
448 1243 554 1322 Quare
583 1242 611 1307 si
633 1241 777 1307 Ecclesia
806 1242 947 1326 recipere
969 1262 1032 1307 non
1054 1248 1188 1326 poterat,

70 1345 145 1411 dato
176 1344 262 1426 quod
289 1345 514 1410 Constantinus
544 1344 604 1410 hoc
631 1344 736 1409 lacere
764 1343 923 1427 potuisset
951 1343 990 1408 de
1020 1364 1069 1426 se3
1105 1344 1188 1409 actio
1208 1345 1240 1397 8⁰

69 1454 176 1512 tamen
198 1446 256 1510 illa
277 1467 340 1512 non
363 1453 431 1512 erat
452 1447 626 1530 possibilis
648 1449 779 1529 propter
800 1444 950 1529 patientis
973 1444 1187 1527 indispositio·

69 1569 150 1614 nem.
195 1550 288 1614 Patet
316 1549 426 1632 igitur,
457 1549 543 1630 quod
571 1568 630 1612 nec
651 1547 796 1612 Ecclesia
818 1547 960 1631 recipere
981 1567 1039 1629 per
1061 1547 1190 1611 modum

68 1650 289 1734 possessionis
312 1671 370 1717 nec
391 1650 448 1715 ille
464 1650 604 1716 conferre
618 1669 675 1734 per
690 1647 819 1714 modum
834 1648 1037 1714 alienationis
1051 1654 1186 1732 poterat.

69 1754 199 1818 Poterat
225 1757 333 1817 tamen
360 1753 554 1834 Imperator,
587 1751 620 1814 in
648 1751 858 1835 patrocinium
886 1750 1065 1832 Ecclesiae,
1092 1749 1189 1834 patri-

68 1855 208 1920 monium
230 1860 262 1919 et
285 1854 349 1919 alia
373 1853 535 1936 deputare,
558 1853 688 1918 immoto
712 1872 837 1935 semper
859 1851 1014 1935 superiori
1037 1850 1186 1935 dominio,
1206 1856 1240 1905 85

69 1957 159 2040 cujus
182 1956 285 2020 unitas
308 1954 498 2021 divisionem
518 1976 582 2021 non
603 1954 731 2039 patitur.
772 1955 902 2019 Poterat
924 1960 955 2017 et
972 1953 1109 2018 vicarius
1125 1953 1187 2018 Dei

68 2058 218 2143 recipere,
241 2077 304 2121 non
326 2063 489 2138 tamquam
510 2075 685 2141 possessor,
708 2054 767 2120 sed
781 2061 945 2136 tamquam
959 2055 1116 2119 fructuum
1132 2075 1189 2138 pro

68 2160 214 2225 Ecclesia
235 2179 292 2242 pro
316 2157 435 2223 Christi
455 2158 649 2242 pauperibus
666 2155 881 2241 dispensator3
908 2154 991 2237 quod
1015 2156 1189 2240 Apostolos

68 2262 197 2344 fecisse,
221 2281 284 2326 non
305 2260 475 2341 ignoratur.

479 2432 601 2508 [onnon
623 2449 670 2494 x1.
696 2427 709 2514 (
738 2428 781 2514 .)]
819 2420 822 2425 ’

153 2567 268 2632 Adhuc
305 2563 427 2647 dicunt,
472 2564 557 2645 quod
599 2563 830 2631 Hadrianus
874 2567 964 2648 Papa
1003 2564 1192 2630 Carolum

96 2720 120 2752 ⁷²
137 2718 168 2770 F.
186 2734 250 2772 esse.
287 2715 343 2770 Sed
684 2717 707 2750 ⁸³
723 2715 754 2768 F.
773 2733 824 2787 per
842 2715 911 2771 ruod.
929 2716 1009 2770 aliea.
1029 2716 1158 2785 conferre

154 2804 185 2856 L.
205 2802 243 2856 ad
259 2801 412 2872 imperialia
429 2800 587 2870 recipienda
737 2808 849 2870 poterat
867 2818 921 2855 non
939 2802 1036 2869 legitur
1054 2801 1082 2854 in
1100 2801 1130 2854 P.

96 2890 119 2921 ⁷⁴
137 2888 167 2941 F.
187 2887 342 2941 nonhabet
362 2886 402 2939 sia
684 2885 706 2918 ⁸⁶
724 2886 755 2938 F.
775 2885 888 2940 Poterat
905 2887 985 2940 etiam
1006 2887 1088 2940 vicar.

97 2975 119 3006 ⁷⁶
137 2972 206 3025 ΕΡ.
218 2971 278 3026 inab.
295 2970 453 3024 relationem
461 2970 607 3040 praecepti
684 2973 706 3005 ⁸⁸
723 2971 755 3023 L.
773 2971 810 3025 M.
823 2988 879 3042 pro
898 2970 1030 3038 Ecclesia,
1050 2987 1106 3042 pro
1120 2988 1193 3041 pau-

97 3059 119 3090 ⁷⁷
136 3060 169 3110 A.
188 3057 222 3110 Η.
248 3061 380 3126 quantum
406 3054 443 3108 ad
467 3053 604 3123 quarelam
720 3056 835 3126 peribus
862 3088 895 3094 -
925 3056 1009 3111 Editt.
1031 3073 1088 3126 pro
1119 3054 1191 3110 Ecal.

97 3228 121 3261 w
134 3143 359 3279 passessiopelmr
393 3227 435 3278 n,
720 3157 830 3279 {poplite
850 3140 960 3280 Clerisp,1
969 3141 1192 3279 plupiiibisp

163 3242 432 3296 .aurreaper
763 3242 967 3292 qrmurco.
1020 3269 1024 3277 .
1078 3266 1083 3276 .
1133 3266 1191 3278 ..

97 3311 120 3344 ⁷⁹
137 3311 170 3364 V.
189 3308 260 3376 Quia
277 3311 303 3364 si
319 3309 441 3365 Ecclesia
462 3346 466 3353 .
725 3314 753 3364 et
769 3309 894 3364 Ficinum
914 3329 989 3366 corae
1006 3312 1194 3382 dispensatore

98 3398 121 3430 ⁸⁰
137 3395 169 3455 F.
190 3394 277 3450 Coast.
297 3397 446 3466 imperator
462 3396 557 3463 facere
726 3395 767 3449 de'
784 3396 870 3465 feretri
882 3399 906 3450 a'
918 3397 1019 3466 paveri
1035 3396 1064 3450 ali
1082 3395 1170 3451 Crista

99 3482 121 3515 ⁸¹
138 3479 171 3533 F.
181 3479 211 3532 P.
222 3487 337 3550 propter
350 3481 482 3551 patientis
492 3477 606 3549 disposi·
744 3482 776 3533 A.
795 3480 828 3533 H.
848 3480 878 3533 L.
900 3481 932 3533 V.
957 3480 1033 3550 quael
1052 3479 1194 3552 apostolus

141 3566 238 3619 tionem
245 3564 605 3634 —Eddanttpropterpat
725 3567 875 3635 secisse-
890 3566 927 3619 M.
947 3566 1022 3636 qaod
1039 3566 1195 3638 apostolam

141 3669 158 3705 a
179 3651 389 3723 dispositionem,
408 3649 480 3719 quod
497 3649 608 3716 probari
726 3651 826 3720 secisse

140 3741 243 3805 potest,
267 3737 289 3790 si
313 3754 330 3789 a
355 3742 381 3789 et
405 3735 608 3806 dispositionem
660 3735 725 3806 Cap.
747 3736 794 3789 XI.
839 3738 846 3769 ¹
871 3736 941 3791 Nori
966 3737 1061 3806 capitis
1088 3735 1195 3791 initium

139 3821 168 3875 in
186 3835 369 3874 unamvocem
388 3819 590 3874 contrahantur.
727 3820 847 3874 indicant
871 3821 909 3876 M.
929 3828 956 3876 et
975 3820 1088 3892 Oporini
1112 3821 1194 3876 editio
1222 3870 1224 3874 ,

101 3906 124 3939 ⁸²
140 3905 172 3958 F.
192 3904 273 3959 Patet
290 3920 355 3975 erpo
375 3903 450 3974 quod
467 3903 541 3958 Eeal.
560 3919 609 3957 nee
727 3905 853 3975 princeps

136 4005 191 4060 per
210 3988 318 4041 modam
745 3990 776 4043 P.
796 3990 871 4060 qaod
887 3991 1045 4046 Arrdrianas
1062 3991 1144 4063 Papa

143 4142 166 4175 ⁷⁴
185 4143 292 4196 Eunus.
311 4141 464 4195 Marsuam
481 4156 539 4210 cap.
557 4141 589 4195 X.
613 4159 636 4194 v.
655 4147 679 4196 9.
784 4144 807 4176 ⁷⁰
825 4143 932 4198 Evnnc.
951 4144 1047 4198 Lucan
1071 4161 1129 4214 cap.
1147 4145 1194 4200 IX.

74 4226 99 4263 v.
118 4210 430 4346 abppppri·v.,rbicit
448 4277 481 4330 de
500 4275 669 4346 expeditione
685 4293 701 4332 a
719 4277 845 4333 Carolo
864 4279 982 4348 Magno
1001 4297 1073 4335 anno
1084 4287 1141 4338 7‘13.
1160 4283 1195 4337 ad
