2940 5040
258 349 300 409 54
563 348 701 403 DANTIS
718 348 937 404 MONAROHIA
953 348 988 404 11.
1007 347 1036 404 0.
1055 353 1078 403 5.

257 523 325 588 tiae
353 521 536 605 resistendi,
565 541 661 603 quum
689 540 811 606 pauper
839 521 1012 604 exsistens,
1041 542 1099 606 pro
1127 519 1191 587 fide
1221 540 1286 604 qua
1308 523 1378 589 Rei-

259 624 408 709 publicae
430 625 611 708 tenebatnr,
635 624 705 688 auri
724 623 845 707 grande
866 621 992 707 pondus
1015 623 1159 689 oblatum
1181 622 1310 708 derisit,
1344 645 1381 691 ao

261 725 416 809 derisum,
439 726 539 791 verba
561 725 623 790 sibi
641 725 863 792 convenientia
883 723 1034 809 fundens,
1058 724 1222 809 despexit,
1247 730 1280 791 et
1301 725 1380 792 refu·

208 851 243 903 65
262 828 365 892 tavit?
396 826 500 911 Hujus
523 827 619 892 etiam
641 827 826 892 memoriam
848 825 1046 892 confirmavit
1066 828 1193 894 Poeta
1221 832 1331 893 noster
1350 827 1383 892 in

261 934 370 1012 sexto,
395 948 464 993 cum
487 933 629 995 caneret:

567 1104 572 1115 .
611 1103 616 1114 .
655 1100 661 1114 .
700 1103 705 1114 .
741 1076 878 1131 parvoque
895 1066 1033 1131 potentem

566 1146 731 1201 Fabricium.

347 1265 511 1350 Numquid
520 1287 584 1332 non
598 1264 798 1351 praeferendi
813 1267 902 1348 leges
917 1266 1054 1351 propriis
1066 1266 1251 1351 commodis,
1265 1286 1381 1334 memo-

209 1396 242 1446 70
260 1370 362 1437 rabile
400 1368 493 1434 nobis
532 1367 698 1452 exemplar
732 1367 930 1433 Camillus
972 1367 1054 1433 fuit?
1100 1369 1170 1453 qui,
1208 1369 1383 1435 secundum

259 1472 430 1553 Livium,
454 1468 622 1535 damnatus
644 1468 757 1551 exilio,
787 1473 957 1553 postquam
985 1470 1123 1554 patriam
1144 1471 1298 1537 liberavit
1328 1472 1380 1538 ob

259 1592 395 1656 sessam,
426 1576 458 1638 et
480 1570 584 1655 spolia
611 1571 707 1636 etiam
728 1572 872 1637 Romana
900 1573 1021 1638 Romae
1051 1571 1206 1656 restituit,
1230 1571 1382 1641 universo

257 1674 378 1758 populo
399 1673 608 1755 reclamante,
632 1673 673 1738 ab
695 1673 773 1738 urbe
796 1677 906 1738 sancta
921 1672 1083 1756 discessit,
1105 1693 1165 1738 nec
1181 1679 1257 1740 ante
1277 1694 1381 1740 rever-

259 1793 313 1841 sus
336 1780 398 1859 est,
422 1768 518 1856 quarn
539 1775 601 1839 sibi
615 1773 809 1859 repatriandi
830 1775 960 1841 licentia
975 1774 1016 1841 de
1037 1775 1226 1841 auctoritate
1245 1774 1382 1842 Senatus

210 1903 242 1953 75
261 1877 362 1942 allata
376 1881 433 1942 est.
470 1877 512 1941 Et
526 1876 609 1942 hunc
623 1875 859 1958 magnanimum
873 1877 997 1943 Poeta
1013 1876 1213 1943 commendat
1227 1878 1260 1942 in
1280 1884 1380 1961 sexto,

259 1997 355 2062 quum
378 1978 468 2044 dicit:

506 2153 512 2165 .
550 2153 555 2165 .
593 2153 599 2165 .
633 2111 794 2166 referentem
812 2111 889 2180 signa
908 2110 1057 2166 Camillum.

342 2233 456 2298 Nonne
477 2231 576 2316 filios,
599 2251 640 2296 an
661 2252 724 2298 non
743 2251 853 2298 omnes
875 2231 971 2314 alios,
994 2231 1233 2316 postponendos
1254 2235 1381 2320 patriae

258 2333 414 2416 libertati,
437 2333 582 2398 Brutus
605 2334 660 2399 ille
682 2333 802 2418 primus
825 2332 975 2399 edocuit?
1006 2353 1101 2415 quem
1123 2335 1264 2402 Livius
1289 2335 1377 2420 dicit,

287 2534 311 2568 ⁷⁴
327 2535 361 2589 V.
379 2533 460 2588 verba
477 2534 663 2588 convenientia
928 2535 959 2588 L.
978 2535 1133 2605 exemplam

285 2621 308 2654 77
325 2621 406 2674 ettam
427 2618 498 2672 inter
524 2618 631 2673 codices
657 2618 734 2672 abest
757 2619 791 2672 ab
870 2621 892 2655 ⁷2
908 2619 940 2672 F.
957 2620 990 2675 L.
1007 2619 1044 2673 M.
1063 2620 1092 2673 P.
1111 2622 1246 2677 obsessam
1264 2622 1355 2695 spolia

324 2719 378 2758 uno
398 2702 430 2756 V.
448 2707 476 2755 et
493 2707 635 2771 praeterea
652 2704 687 2757 ab
707 2703 765 2757 edd.
870 2705 893 2738 ⁷³
910 2705 939 2758 P.
958 2704 992 2759 ab
1011 2705 1077 2760 erbe
1094 2711 1193 2760 sanata

343 2789 376 2841 A.
399 2787 430 2840 F.
454 2787 485 2840 L.
508 2786 546 2839 Μ.
569 2787 598 2840 Ρ.
621 2787 653 2841 V.
678 2793 705 2842 et
732 2788 790 2842 edd.
870 2790 893 2822 ⁷⁵
910 2790 944 2842 A.
962 2789 1054 2844 oblata
1071 2820 1105 2828 -
1121 2790 1154 2844 L.
1172 2790 1267 2846 illata.

325 2871 424 2941 antiqq.
449 2902 482 2911 —
504 2871 537 2925 V.
559 2877 586 2926 et
608 2872 666 2926 edd.
691 2877 791 2955 recent.
928 2874 1201 2942 TurriusetFratic.,
1219 2876 1378 2945 nesciaque

326 2957 470 3026 confirmat
912 2959 1074 3012 auctoritate
1091 2958 1169 3025 moti,
1187 2966 1258 3015 esset

284 3041 308 3075 77
325 3042 357 3095 A.
376 3041 439 3095 Noa
463 3047 489 3095 et
507 3040 575 3111 qaid
586 3042 683 3112 praef.
708 3070 743 3080 -
759 3041 792 3095 V.
873 3043 896 3076 ⁷⁸
912 3042 946 3099 A.
965 3042 1073 3097 Numae

325 3126 390 3180 Noa
407 3126 476 3196 quid
487 3125 583 3196 praes.
929 3128 962 3180 A.
980 3128 1012 3182 L.
1030 3128 1068 3182 M.
1080 3129 1297 3200 praeponendos

285 3212 309 3244 ⁷⁰
325 3211 359 3265 H.
376 3213 531 3266 memoriale

326 3381 690 3435 ⁷⁷Eurnor11Breviarium
707 3381 741 3434 Π.
761 3387 784 3434 7.
817 3381 857 3436 cf.
875 3382 1018 3437 Aucroms
1042 3383 1196 3437 Corvinum
1217 3384 1236 3438 l.
1257 3400 1280 3439 c.
1312 3385 1382 3452 „Cbe'

258 3447 321 3503 diro
338 3447 387 3502 ebe
404 3449 481 3517 fosse
498 3465 582 3504 senza
600 3450 692 3504 divina
716 3451 874 3521 spiraziome
898 3450 1044 3516 Fabricio,
1067 3451 1174 3520 infinita
1196 3453 1279 3522 quasi
1293 3454 1381 3508 molti·

259 3516 352 3571 tudine
377 3516 453 3571 d'oro
478 3518 642 3587 rifiatando,
672 3534 725 3588 per
750 3533 806 3571 mea
832 3519 921 3573 volere
947 3519 1140 3574 abbandonam
1171 3536 1221 3575 saa
1269 3523 1378 3577 atria?“

257 3585 369 3654 Purgat.
385 3585 445 3638 XX.
465 3590 505 3639 25.
593 3587 616 3619 77
636 3586 747 3640 Vrnarn.
769 3586 835 3640 Aen.
857 3586 903 3641 VI.
921 3591 980 3641 844.
1066 3588 1089 3620 77
1107 3588 1207 3643 Lrvrus
1252 3631 1258 3644 .
1285 3594 1328 3655 32,
1346 3593 1380 3643 44

257 3657 333 3707 -46,
351 3657 392 3708 49.
427 3653 467 3707 Cf.
485 3655 656 3708 Euruorrmr
673 3654 691 3706 l.
711 3670 734 3708 c.
752 3655 772 3707 I.
794 3658 831 3709 18.
857 3658 886 3710 et
902 3657 1044 3710 Aucronrs
1063 3654 1218 3710 convivium
1240 3658 1303 3714 loco
1325 3674 1378 3728 quo

258 3736 355 3791 supra:
390 3721 462 3786 „cti
477 3722 539 3777 dira
557 3722 587 3776 di
604 3721 732 3787 Camillo,
755 3723 985 3795 sbamdeppiatee
1007 3725 1128 3779 caeeiato
1146 3725 1175 3778 ia
1193 3725 1285 3791 esitio,
1307 3741 1380 3780 esser

257 3794 355 3844 venato
372 3807 390 3844 a
414 3789 529 3845 liberare
546 3789 634 3844 Roma
657 3795 753 3845 centro
776 3791 826 3845 alli
845 3793 908 3846 suoi
923 3793 1035 3857 memim',
1059 3792 1166 3865 edope
1190 3792 1217 3847 la
1238 3809 1291 3848 saca
1316 3793 1380 3849 libe-

257 3859 371 3912 raziome
392 3864 631 3929 spontaneameate
652 3873 740 3912 essere
761 3864 869 3916 tornato
895 3861 923 3915 im
947 3860 1023 3914 esitio
1040 3877 1097 3932 per
1120 3877 1174 3915 moa
1193 3860 1333 3931 offendere
1352 3861 1379 3917 la

257 3927 396 3980 senatoria
425 3926 560 3988 auctorita,
587 3943 672 3980 senza
703 3926 795 3982 divina
826 3929 1023 3998 istipazione‘?“
1126 3928 1282 3984 ⁷⁷V1aom.
1311 3931 1380 3984 Aen.

257 3992 303 4045 VI.
322 3998 380 4049 826.
485 3995 732 4048 ⁷⁹L1v1usH.5.
781 3994 1079 4051 ercammarus.
1119 3997 1243 4051 Vannnrr
1264 3998 1379 4052 Maxrur

140 4118 143 4126 ,
258 4059 404 4116 Memorab.
422 4062 455 4116 V.
466 4067 489 4116 8.
501 4068 523 4115 1.
558 4064 665 4117 Arrana.
678 4063 788 4117 Vrcroa
805 4063 848 4118 De
864 4064 928 4118 viris
945 4064 1042 4119 illustr.
1062 4081 1121 4136 esp.
1141 4071 1172 4120 10
1190 4071 1218 4121 et
1234 4067 1378 4123 Aucroms

259 4128 412 4184 Convivium
429 4132 446 4184 l.
465 4147 488 4184 c.
524 4130 593 4198 „aba
615 4132 676 4185 diret
698 4131 728 4185 da'
745 4131 900 4202 Torquato,
923 4133 1094 4203 ptadicatere
1118 4134 1164 4189 del
1179 4150 1229 4189 sao
1249 4134 1377 4206 fiplteala

258 4212 276 4249 a
293 4204 379 4251 morte
392 4215 447 4270 per
464 4215 556 4252 amore
574 4199 620 4252 del
632 4199 761 4270 pcbbb'ce
779 4200 857 4264 bene,
882 4215 966 4254 senza
984 4200 1075 4256 dicimo
1093 4203 1218 4274 ajutorie
1236 4205 1278 4259 aid
1296 4219 1377 4258 avere

258 4263 389 4333 sefferto?
406 4284 421 4320 e
438 4268 524 4319 Bruto
537 4267 665 4336 prodesto
682 4267 849 4322 similmeate.
