2940 5040
272 344 359 400 LVIII
641 345 802 401 CODICUM
819 345 1010 400 ELENCHUS

394 523 564 590 latinorum
592 524 630 585 Τ.
653 519 701 583 ΙΙΙ
732 520 791 585 col.
817 521 891 584 153:
936 520 1067 600 „Codex
1090 523 1306 589 membraneo.
1331 523 1391 588 Ms.

394 636 427 699 in
449 634 502 698 tol.
556 633 645 698 Sacc.
668 629 739 695 XV.
771 630 870 696 mirae
895 631 1132 714 pulcritudinis,
1167 652 1237 698 cum
1267 633 1392 717 duplici

393 745 517 829 pictura
537 743 571 808 in
593 740 760 826 principio,
790 760 921 822 quarum
952 761 1016 805 una
1038 761 1167 825 operum
1190 744 1392 827 singulorum

393 854 518 936 titulos,
553 853 667 918 aureis
681 857 721 917 et
753 851 909 917 caeruleis
941 850 1055 917 litteris
1088 859 1251 932 exaratos,
1285 855 1393 920 altera

393 964 569 1032 Mediceum
602 969 751 1043 stemma,
786 968 817 1026 et
848 961 913 1026 alia
945 961 1138 1028 emblemata
1166 965 1263 1029 variis
1291 965 1392 1032 inter·

393 1076 494 1141 mixta
509 1073 703 1139 ornamentis
720 1070 882 1137 exhibet.“
919 1069 1006 1155 Opus
1021 1080 1172 1155 nostrum,
1196 1074 1279 1158 quod
1302 1096 1391 1141 ama-

393 1185 524 1253 nuensis
553 1202 706 1265 „summa
728 1181 912 1247 monarchia
920 1180 939 1215 “
961 1182 1137 1266 inscripsit,
1160 1185 1295 1250 habetur
1311 1187 1391 1253 inde

392 1320 412 1364 a
432 1296 488 1361 101.
511 1298 582 1360 230.
604 1291 647 1358 ad
669 1293 690 1358 1.
714 1296 784 1357 261.

290 1402 506 1472 M.—Oodex
537 1404 905 1482 MaenrancccnrnunS‚
944 1401 1164 1485 Florentinus,
1204 1407 1243 1471 cl.
1277 1408 1389 1473 XXX.

393 1517 453 1581 No.
470 1519 541 1597 239,
565 1514 702 1579 chartac.
725 1514 758 1578 iu
782 1520 892 1595 quarto
914 1514 1104 1579 saec.XVI.·
1135 1513 1223 1600 Opus
1244 1525 1387 1583 nostrum

391 1625 504 1710 incipit
525 1625 579 1690 101.
603 1627 652 1689 87.

291 1736 326 1801 P.
340 1772 377 1782 —
392 1735 501 1803 Codex
530 1732 919 1800 Pununruo-Vnnrounns
947 1733 1008 1799 No.
1034 1737 1130 1816 1729,
1154 1737 1330 1803 membran.
1353 1739 1387 1804 in

391 1848 445 1915 fol.
473 1866 557 1914 saec.
585 1843 674 1910 XIV.
718 1843 903 1909 Monarchie
925 1843 1036 1927 incipit
1057 1845 1078 1909 f.
1101 1849 1152 1912 31.
1175 1883 1216 1893 -
1238 1846 1275 1911 In
1298 1849 1387 1915 calce

392 1959 612 2025 Bucolicorum
636 1955 797 2020 Francisci
819 1953 1004 2036 Petraroae,
1033 1975 1114 2037 quae
1143 1956 1277 2040 primam
1300 1959 1387 2024 volu-

391 2069 485 2135 minis
506 2074 630 2151 partem
653 2064 855 2145 constituunt,
877 2064 1006 2146 legitur:

481 2177 642 2243 Francisci
665 2175 705 2241 de
817 2174 946 2258 explevi
974 2175 1131 2259 corrigere
1159 2179 1306 2245 autulii
1329 2180 1386 2245 Pe-

482 2286 746 2370 Montepolitiano
815 2285 892 2349 rusii
922 2289 1008 2351 1394.
1033 2285 1233 2370 deogratias
1255 2292 1368 2356 Amen.

391 2399 540 2482 Sequitur
568 2397 649 2475 alia,
679 2395 725 2459 uti
752 2394 895 2478 videtur,
925 2397 981 2461 sed
1005 2398 1148 2480 ejusdem
1178 2399 1250 2465 aevi
1272 2420 1384 2465 manu:

391 2508 506 2575 Dentis
534 2505 714 2588 Aldigherii
747 2505 907 2570 florentini
934 2508 1119 2574 Monarchie
1151 2509 1233 2575 liber
1263 2510 1384 2594 incipit.

391 2619 513 2685 Ultimo
542 2617 612 2682 loco
640 2615 800 2680 habentur
828 2617 983 2699 epistolae
1005 2619 1134 2701 Dantis,
1164 2640 1297 2702 quarum
1324 2621 1386 2704 pri-

391 2749 475 2794 mam
498 2726 643 2792 notitiam
668 2725 740 2792 dedi
763 2746 849 2791 anno
874 2732 954 2795 1838
962 2729 997 2813 ,¹)
1028 2735 1059 2794 et
1081 2751 1159 2812 quas
1181 2751 1267 2796 anno
1294 2735 1383 2796 1842.

392 2838 522 2904 Tunius
544 2837 663 2920 publici
679 2838 762 2920 juris
783 2836 867 2902 fecit.

290 2948 328 3017 V.
340 2986 382 2996 -
397 2948 507 3015 Codex
522 2947 691 3030 Vnunrus,
713 2946 926 3013 bibliothecae
941 2949 1050 3015 Sancti
1065 2950 1164 3016 Marci
1179 2949 1279 3018 Class.
1295 2953 1382 3018 XIV.

389 3061 450 3126 Ne.
474 3062 546 3124 204.
579 3059 613 3123 iu
642 3058 696 3123 101.
729 3059 903 3124 membran.
937 3078 1020 3125 saec.
1048 3060 1136 3126 XIV.
1187 3062 1282 3127 Initio
1311 3064 1384 3129 libri

389 3170 469 3235 baec
490 3170 656 3252 leguntur:
685 3169 744 3251 „In
773 3169 901 3234 nomine
931 3168 1051 3235 domini
1076 3173 1175 3238 nostri
1199 3173 1383 3256 dulcissimi,

390 3281 464 3347 Iesu
480 3278 608 3361 Christi,
624 3279 678 3361 qui
693 3286 742 3344 est
756 3279 821 3361 lux,
838 3278 984 3345 doctrina
998 3286 1029 3345 et
1044 3282 1111 3346 vita
1125 3290 1242 3349 nostra.
1269 3286 1382 3351 Amen.

390 3389 523 3472 Verum,
557 3410 577 3454 a
605 3407 801 3472 quocumque
832 3388 971 3470 dicatur,
1001 3391 1163 3474 aSpiritu
1191 3403 1301 3461 sancto
1325 3385 1390 3462 est'

388 3499 506 3584 Incipit
527 3500 608 3566 liber
629 3498 815 3565 monarchis
837 3498 943 3565 dantis
966 3500 1109 3567 alicherii
1130 3502 1298 3570 florentini.
1332 3507 1383 3572 In-

389 3610 466 3693 cipit
487 3609 671 3694 prologus.“

728 3723 929 3734 -—-—.-.

351 3865 399 3930 De
421 3865 599 3947 fragmento
622 3863 749 3947 codicis,
777 3867 905 3931 saeculo
926 3866 1046 3931 XVIII.
1082 3868 1205 3952 scripti,
1235 3870 1320 3952 quod
1349 3872 1381 3935 in

268 3973 462 4040 bibliotheca
483 3974 779 4056 Magliabecchiana
801 3982 954 4058 servatur,
978 3976 1116 4044 diximus
1137 3998 1233 4062 supra
1255 4001 1286 4063 p.
1305 3981 1381 4046 XX.

337 4166 355 4229 ¹)
374 4164 669 4235 Dante-Forschungen
687 4185 713 4236 p.
732 4172 780 4221 413
799 4183 839 4236 sq.
