2940 5040
400 329 535 384 DANTlS
553 329 773 384 brennacum
790 329 838 383 III.
858 329 886 384 C.
907 335 946 385 16.
968 332 1030 396 tn.)
1215 325 1273 386 137

148 502 194 567 Et
217 523 314 585 quum
338 501 440 568 omnis
460 508 574 568 natura
596 502 639 568 ad
653 503 798 567 ultimum
816 502 974 584 quendam
988 501 1083 568 finem
1102 499 1273 583 ordinetur,

150 606 371 687 consequitur,
401 610 436 668 ut
457 604 594 670 hominis
617 604 736 689 duplex
759 603 831 668 finis
853 604 997 687 exsistat,
1021 609 1064 686 ut,
1089 604 1170 668 sicut
1191 603 1274 668 inter
1291 619 1323 670 25

151 708 260 774 omnia
284 707 368 773 entia
383 706 470 770 solus
491 705 822 791 incorruptibilitatem
839 711 871 772 et
889 705 1186 789 corruptibilitatem
1202 724 1273 787 par-

149 808 282 894 ticipat,
307 809 353 873 sie
374 809 461 873 solus
481 807 564 873 inter
578 808 685 873 omnia
706 809 808 892 entia,
831 808 864 872 in
880 807 942 873 duo
965 808 1078 872 ultima
1096 805 1272 873 ordinetur:

153 931 289 994 quorum
310 912 446 975 alterum
461 908 503 973 sit
516 907 588 973 finis
612 909 690 993 ejuS,
713 914 806 993 prout
822 909 1035 995 corruptibilis
1052 914 1114 992 est,
1139 909 1274 973 alterum

153 1032 246 1094 vero,
270 1016 364 1096 prout
384 1009 640 1093 incormptibilis.

239 1114 329 1178 Duos
358 1111 455 1194 igitur
482 1110 561 1177 fines
588 1111 796 1177 Providentia
823 1114 880 1179 illa
908 1114 1130 1180 inenarrabilis
1153 1111 1274 1177 homini
1292 1110 1325 1162 3⁰

152 1215 319 1301 proposuit
340 1212 565 1297 intendendos,
598 1213 894 1282 beatitudinem
918 1215 1040 1281 scilicet
1068 1214 1186 1297 hujus
1215 1211 1273 1276 vi-

153 1324 234 1399 tae,
267 1335 348 1396 quae
377 1315 409 1379 in
439 1315 622 1399 operatione
651 1317 799 1401 propriae
827 1319 953 1384 uirtutis
976 1317 1134 1400 consistit,
1164 1320 1196 1381 et
1217 1334 1274 1399 per

153 1423 335 1483 terrestrem
364 1418 552 1484 Paradisum
580 1417 748 1503 figuratur,
778 1426 811 1484 et
840 1419 1139 1486 beatitudinem
1162 1416 1273 1481 vitae

153 1524 357 1602 aeternae,
374 1539 455 1602 quae
469 1521 611 1586 consistit
622 1521 654 1585 in
666 1520 814 1587 fruitione
827 1521 928 1587 divini
943 1526 1102 1604 aspectuS,
1121 1518 1163 1584 ad
1179 1538 1273 1600 quam

152 1623 284 1705 propria
306 1623 407 1686 virtus
429 1622 601 1687 ascendere
623 1642 686 1688 non
708 1629 831 1707 potest,
860 1624 921 1689 nisi
944 1623 1063 1689 lumine
1086 1621 1195 1687 divino
1217 1619 1272 1683 ad·
1293 1617 1324 1669 35

149 1725 238 1807 juta,
264 1743 346 1804 quae
368 1744 425 1808 per
446 1723 634 1788 Paradisum
658 1726 829 1791 coelestem
851 1725 989 1807 intelligi
1012 1725 1114 1790 datur.

238 1825 290 1890 Ad
314 1826 371 1889 has
396 1824 523 1907 quidem
547 1825 775 1909 beatitudinem
806 1826 959 1893 velutad
981 1825 1126 1892 diversas
1150 1824 1273 1890 conclu-

151 1929 269 2010 siones,
292 1948 350 2011 per
373 1926 499 1992 diversa
513 1925 620 1991 media
635 1927 744 1993 venire
760 1934 893 2013 oportet.
927 1929 1011 1993 Nam
1027 1927 1069 1992 ad
1092 1927 1273 2011 primam,

150 2049 210 2114 per
232 2027 521 2113 philosophica
543 2027 733 2094 documenta
754 2030 914 2112 venimus,
945 2028 1116 2094 dummodo
1144 2027 1203 2091 illa
1225 2045 1271 2091 se·

153 2151 298 2213 quamur,
316 2127 488 2197 secundum
505 2130 638 2195 virtutes
654 2132 791 2196 morales
807 2136 838 2196 et
853 2131 1085 2197 intellectuales
1101 2125 1272 2213 operando.
1290 2125 1324 2176 ⁴¹⁰

152 2233 206 2297 nd
235 2231 573 2314 secundam-vero,
602 2251 659 2314 per
688 2231 876 2300 documenta
904 2232 1161 2317 spiritualia,
1191 2248 1274 2311 quae

152 2334 327 2399 humanam
356 2333 511 2399 rationem
540 2333 795 2417 transscendunt,
826 2334 997 2400 dummodo
1025 2334 1083 2399 illa
1105 2351 1275 2414 sequamur

154 2434 329 2502 secundum
351 2434 485 2500 virtutes
513 2436 711 2518 theologicas
741 2436 918 2521 operando,
941 2437 1071 2519 Fidem,
1096 2434 1193 2520 Spem
1216 2433 1273 2498 sci-

153 2537 230 2603 lieet
253 2542 285 2601 et
308 2535 489 2602 Caritatem.
543 2537 611 2602 Has
638 2537 735 2620 igitur
757 2539 975 2604 conclusiones
1003 2544 1035 2605 et
1056 2536 1163 2602 media
1186 2533 1275 2619 (licet

155 2646 284 2707 ostensa
306 2641 369 2704 sint
383 2638 475 2705 nobis
498 2640 596 2704 haee
618 2640 661 2704 ab
683 2639 821 2704 humana
836 2640 967 2723 ratione,
991 2660 1073 2723 quae
1092 2659 1149 2725 per
1171 2639 1272 2721 philo·
1292 2636 1325 2688 ⁴¹5

182 2809 205 2841 ²⁵
222 2808 255 2861 F.
273 2808 305 2861 L.
323 2807 447 2876 seqnitur
470 2813 500 2859 ut
518 2805 633 2860 bominis
658 2836 688 2847 -

223 2893 256 2948 V.
275 2909 335 2946 enm
353 2891 477 2961 seqnitur
494 2896 524 2943 at
541 2889 611 2944 bom.

241 2977 273 3030 L.
293 2982 319 3030 et
337 2976 411 3030 editt.
429 2980 542 3030 recentt.
568 2982 603 3041 et,
620 2977 690 3030 sient

223 3063 294 3115 inter
311 3063 402 3115 omniu

182 3148 205 3180 ²⁸
223 3147 365 3215 Sequimur
389 3145 465 3200 codd.
490 3146 562 3200 inter
580 3161 608 3200 se
626 3161 690 3199 con·

224 3232 416 3286 sentientes-
430 3230 515 3284 Editt.
527 3236 615 3302 prout
632 3246 691 3284 eor-

223 3316 371 3387 ruptibilt‘s,
390 3316 504 3369 alterum

182 3403 206 3435 ³⁰
224 3402 256 3454 Α.
282 3400 457 3455 Prouidentia
484 3400 526 3454 illi
549 3402 691 3455 inenarra-

224 3487 335 3542 bilis-
352 3485 389 3539 M.
409 3484 518 3539 Prouid.
543 3485 591 3539 illa
615 3502 691 3540 cerre-

224 3571 319 3626 rubilis
343 3600 375 3610 -
399 3569 421 3622 F
423 3569 509 3623 icinus
536 3570 691 3625 inerrabilis

224 3656 351 3709 habuisse
367 3654 480 3707 videtur.

182 3743 204 3774 ³¹
223 3741 255 3794 V.
269 3741 416 3812 proposuit
434 3738 584 3793 intendenti
605 3768 638 3778 -
656 3739 689 3793 F.

219 3841 333 3898 propos.
353 3823 520 3878 intendentes

241 3911 342 3964 scilieet
359 3925 413 3962 non
430 3909 547 3962 habetur
563 3909 590 3961 in
607 3908 638 3961 F.

183 3998 206 4030 ³²
224 3997 255 4049 Α.
282 3995 319 4050 Μ.
353 4011 405 4064 qne
440 3995 467 4049 in
503 4009 585 4064 opere
626 4009 689 4065 pro-

223 4082 302 4152 priae
316 4081 376 4134 uirt.

183 4167 206 4200 ³³
223 4166 256 4219 H.
277 4181 331 4236 per
355 4170 507 4221 terrestrem
525 4165 689 4220 Paradisum

223 4251 349 4321 sipnatur

769 2807 792 2839 ³³
809 2805 877 2859 Edd.
897 2807 934 2860 ad
951 2823 1032 2876 qnam
1051 2809 1136 2861 uirtus
1154 2809 1275 2880 propria

769 2892 792 2925 ³⁶
808 2891 846 2946 M.
865 2892 966 2945 lumine
983 2891 1074 2946 divitae
1092 2891 1225 2961 adjuncta
1242 2922 1276 2932 -

809 2977 840 3029 P.
860 2977 921 3030 lum
941 2977 994 3030 diu.
1013 2976 1051 3029 ad
1067 2978 1152 3031 uitam

769 3062 792 3094 ³⁷
810 3061 843 3114 V.
855 3062 925 3115 uelut
942 3061 1071 3116 aduersas
1089 3061 1276 3117 conclusiones

770 3145 793 3178 ³⁸
810 3145 843 3197 F.
861 3145 913 3199 div.
932 3146 1020 3200 predia
1038 3146 1164 3200 desereire

769 3229 792 3263 ³⁹
809 3230 841 3283 F.
859 3230 898 3285 M.
921 3234 958 3296 (et
980 3231 1091 3301 interpr.
1113 3236 1203 3298 anon.)
1222 3250 1278 3304 per

805 3314 922 3386 physica
940 3317 1099 3371 documenta
1122 3348 1155 3356 -
1179 3317 1209 3371 P.
1222 3335 1278 3389 per

830 3399 871 3452 til
1104 3443 1109 3454 .

770 3485 793 3519 ⁴²
804 3399 1126 3554 {ddodiiiildrdiiindddm
1144 3490 1276 3543 rationem

811 3571 976 3626 transcendit

768 3656 791 3689 ⁴³
808 3655 839 3710 P.
857 3672 976 3726 requam.
990 3673 1046 3727 per
1062 3658 1174 3711 uirtutes
1195 3655 1273 3712 tlteol.

842 3741 877 3794 H.
895 3742 1041 3796 seeundum
1057 3741 1139 3810 fidem

769 3827 800 3892 ⁴³,
820 3826 842 3857 ⁴⁴
860 3826 963 3880 seilicet
980 3843 1034 3880 non
1043 3827 1141 3896 legitur
1157 3826 1226 3880 inL.
1236 3825 1274 3880 M.

809 3941 842 3951 -
864 3911 897 3964 Α.
916 3909 997 3982 Spem
1015 3913 1041 3965 si
1064 3911 1125 3966 lieet
1147 3942 1181 3950 —
1204 3911 1274 3966 Edd.

810 4011 870 4050 cum
888 3996 944 4050 Fel.
962 3997 1064 4052 scilieet
1080 3995 1163 4068 Spem

768 4081 790 4112 ⁴⁴
808 4080 839 4133 F.
857 4080 919 4134 Has
936 4098 1001 4152 erpo
1020 4081 1105 4137 canet.
