2940 5040
461 331 669 388 EDITIONUM
687 332 822 388 SERIES.
1111 336 1200 391 LXIII

81 507 218 574 alterum
265 525 345 590 opus
384 505 568 586 nominans,
607 506 641 569 in
680 525 718 572 eo
757 505 817 571 sibi
858 507 1059 590 contradicit,
1100 509 1195 591 quod,

79 637 177 700 quum
199 617 233 680 in
246 614 422 698 „Gatalogo
443 614 636 681 authorum“
660 622 801 681 nostrum
824 635 908 682 anno
924 621 1024 697 1320,
1035 618 1193 685 Iohannis

80 748 158 794 vero
193 726 235 792 de
266 725 398 793 Parisiis
430 732 597 791 tractatum
633 724 673 791 de
702 732 861 808 potestate
891 728 992 810 Regia
1025 736 1056 794 et
1083 729 1196 812 Papali

80 858 167 905 anno
192 840 283 902 1322.
306 837 518 920 assignasset,
545 835 597 900 hio
625 837 816 902 contrariam
841 843 969 903 tueatur
996 839 1197 921 sententiam,

79 950 132 1015 his
153 947 277 1014 verbis:
307 995 326 1027 ‚,
335 947 435 1022 Quam
456 945 568 1013 solidis
595 965 633 1012 ac
656 944 753 1011 firmis
775 948 951 1014 rationibus
972 948 1137 1030 Parrisius,
1168 956 1199 1014 et

80 1067 172 1144 post
194 1077 277 1124 eum
301 1059 434 1139 Dentes,
458 1107 465 1122 .
490 1107 497 1121 .
522 1106 529 1121 .
555 1056 784 1122 Thrasonicam
814 1056 1006 1140 pontificum,
1035 1077 1070 1124 se
1092 1060 1197 1143 Impe-

79 1169 237 1236 ratoribus
277 1166 523 1251 praeferentium
561 1167 743 1250 superbiam
782 1167 976 1252 1·edarguit.“
1030 1166 1196 1235 Caeterum

79 1280 190 1346 confer
212 1279 253 1344 de
275 1279 335 1346 hac
357 1277 505 1358 editione,
529 1296 611 1360 quae
634 1277 772 1342 diximus
795 1298 826 1361 p.
849 1278 885 1343 V.
909 1278 963 1343 VI.

168 1535 259 1600 1609.
293 1532 516 1598 Scunnnrnun
538 1532 656 1597 altera:

444 1700 622 1784 Syntagma
644 1706 832 1766 tractatuum

529 1812 578 1876 De
599 1809 756 1894 imperiali

457 1920 683 1995 iurisdictione,
710 1920 821 1985 autho·

428 2031 520 2096 ritate
543 2037 574 2096 et
596 2030 848 2113 praeeminentia

403 2162 442 2207 ac
464 2148 622 2226 potestate
644 2140 875 2206 ecclesiastica:

342 2252 444 2335 deque
465 2252 591 2317 Iuribus
613 2251 716 2334 Regni
738 2257 770 2317 et
791 2251 937 2334 Imperii,

454 2361 629 2427 Authorum
651 2361 821 2443 variorum,

368 2473 420 2556 qui
444 2481 519 2539 ante
540 2479 681 2538 nostram
703 2479 841 2539 aetatem
863 2470 909 2535 vi·

302 2591 432 2651 xerunt:
463 2603 594 2666 quorum
616 2583 746 2649 nomina
769 2591 801 2649 et
822 2581 973 2666 temporis

82 2717 140 2780 quo
160 2697 355 2780 scripsemnt
373 2694 580 2774 notationem,
595 2691 777 2776 catalogus,
791 2691 1111 2759 antoDedicatoriam
1121 2693 1196 2778 Epi-

411 2804 525 2869 stolam
549 2803 679 2886 positus,
702 2810 862 2869 recenset:

363 2911 452 2998 Opus
472 2935 537 2980 non
559 2914 661 2980 solum
684 2913 764 2980 Iuris
787 2914 908 2997 peritis,

280 3023 338 3092 sed
360 3032 392 3091 et
414 3023 571 3106 theologis
593 3043 631 3089 ac
652 3023 820 3107 historicis,
842 3024 988 3106 adeoque

109 3134 210 3179 omnibus
224 3133 322 3177 veritatis
337 3133 442 3185 autiquae
456 3132 569 3182 studiosis,
586 3132 628 3176 troc
643 3132 773 3186 proeserrirn
787 3132 873 3182 seculo.
893 3132 952 3175 lectu
968 3142 994 3174 sc
1009 3132 1098 3184 cognitu
1113 3142 1164 3175 cum

377 3210 488 3296 primis
509 3212 586 3277 utile
609 3217 641 3276 ot
662 3211 890 3277 necessarium:

358 3320 435 3389 Cum
457 3320 564 3387 indice
585 3340 688 3387 rerum
711 3320 931 3387 memoranda-

499 3451 566 3495 rum
589 3433 773 3514 evulgatum

533 3542 734 3623 Argentorati

314 3652 495 3735 Sumptibus
516 3651 629 3717 Lazari
652 3651 796 3716 Zetzneri
819 3651 956 3734 Bibliop.

471 3762 564 3827 Anno
586 3761 629 3826 M.
652 3760 718 3826 DC.
741 3761 799 3827 IX.

192 3873 291 3939 Folio.
336 3871 425 3958 Opus
445 3879 587 3938 nostrum
611 3872 746 3938 habetur
767 3891 787 3936 a
810 3893 840 3955 p.
865 3875 914 3937 80.
937 3872 978 3936 ad
1005 3876 1072 3936 104.
