2940 5040
529 338 816 395 PROLEGOMENA.
1152 339 1229 394 XXV

113 529 224 589 tamen
259 517 384 607 iuveni,
426 517 480 611 qui
514 526 579 589 tam
615 517 676 586 late
710 537 780 587 reur
815 514 1010 611 exposuerit,
1050 525 1086 586 ut
1118 525 1231 587 auctor

114 654 228 717 noster
261 643 332 738 ejus
366 668 449 740 opus
483 644 521 715 ad
556 643 771 715 reiellendum
806 643 866 715 sibi
894 643 1047 737 selegisse
1074 641 1231 714 dicendus

113 775 165 845 sit.
219 771 385 843 Habemus
419 771 550 867 quidem
587 772 672 843 inter
706 793 803 867 opera
838 770 868 839 b.
897 769 1035 842 Tnouuu
1062 770 1163 842 libros
1190 769 1230 840 de

112 900 288 996 Regimine
315 884 513 994 prin'oipum,
540 899 594 995 qui
612 898 824 970 Pontificibus
842 897 999 969 Romanis
1025 898 1093 969 lere
1122 897 1232 969 omnia

114 1051 196 1125 quae
223 1027 283 1099 sibi
311 1026 517 1098 vindicabant
540 1025 612 1121 jura
646 1025 774 1116 tribuit,
810 1026 869 1098 lros
904 1035 1012 1096 tamen
1046 1024 1162 1116 libros,
1194 1050 1232 1098 ea

114 1165 201 1227 certe
229 1154 333 1226 iorma
362 1178 424 1251 qua
451 1177 540 1225 nuno
566 1154 731 1248 leguntur,
756 1152 925 1250 Aquinatis
943 1176 1015 1224 esse
1035 1176 1098 1223 uon
1126 1176 1233 1249 posse,

114 1283 230 1380 probat
261 1281 352 1353 locus
378 1279 430 1352 tlt.
459 1282 525 1372 20,
559 1281 612 1377 qui
640 1304 783 1376 pugnam
813 1279 1088 1352 Gdllbeimensem
1124 1292 1157 1352 et
1182 1304 1233 1351 re·

70 1396 75 1402 ⁵
114 1411 309 1483 electionem
328 1408 453 1481 Alberti
472 1410 633 1481 Austriaei
660 1418 799 1498 enarrat,
818 1411 898 1479 lacta
916 1388 1007 1503 'quae
1027 1431 1091 1479 non
1121 1408 1230 1480 minus

114 1561 212 1635 quam
249 1535 470 1633 septendecim
505 1560 610 1608 anuos
644 1546 718 1632 post
751 1536 875 1608 obitum
905 1533 1056 1607 Doctoris
1084 1535 1230 1631 Angelici

114 1660 359 1760 evenerunt.²⁰)
392 1662 542 1735 Praetera
561 1664 682 1735 nullam
703 1663 839 1735 omnino
857 1663 1047 1735 relationem
1068 1663 1153 1734 inter
1172 1664 1233 1734 hoc

113 1817 197 1890 opus
225 1803 257 1863 et
283 1790 397 1862 Dantis
425 1789 644 1862 Monarchiam
675 1790 917 1888 deprehendere
946 1790 1025 1861 milri
1053 1790 1198 1886 contigit.

217 1918 324 1991 Etiam
359 1942 398 1989 ex
420 1919 517 1990 altera
552 1930 642 2015 parte
669 1930 774 1990 tantae
802 1942 1008 1990 summorum
1036 1917 1230 1991 Pontificum

113 2047 283 2119 ambitioni
331 2046 495 2117 multoties
534 2045 770 2117 contradictum
813 2056 881 2136 est,
923 2055 988 2115 tam
1021 2045 1061 2116 ab
1089 2044 1231 2142 impera·

112 2174 251 2264 toribus,
276 2172 545 2271 Prindpibusque
571 2174 660 2270 ipsis,
688 2174 791 2270 iisque
810 2173 864 2268 qui
891 2195 1020 2243 eausam
1049 2196 1163 2245 eorum
1191 2173 1231 2245 ad

114 2300 359 2373 defendendum
375 2311 596 2397 susceperant,
614 2312 678 2372 tarn
694 2300 734 2372 ab
752 2300 822 2371 aliis
841 2324 898 2370 sua
916 2311 1030 2395 sponte
1049 2300 1082 2371 in
1098 2323 1230 2371 arenam

115 2428 212 2533 hujus
240 2428 333 2524 litigii
363 2427 647 2500 descendentibus.
692 2428 780 2500 luter
806 2451 887 2524 quos
913 2427 1079 2499 Jontuuss
1106 2425 1231 2500 Tauno·

114 2582 206 2630 nicus
241 2555 392 2650 (Sunuci
427 2556 511 2627 circa
543 2556 649 2649 1240)
685 2555 848 2627 notandus
883 2579 953 2626 esse
986 2553 1128 2645 videtur,
1168 2555 1232 2652 qui,

115 2684 262 2781 quamvis
296 2681 487 2754 innocentio
521 2682 573 2754 itt.
601 2684 816 2755 familiaritate
856 2681 1006 2777 junctus,
1050 2693 1158 2754 tamen
1195 2683 1228 2753 in

114 2812 233 2906 glossa,
259 2833 354 2908 quam
383 2809 422 2880 ad
451 2807 595 2882 Gratiani
615 2810 788 2883 Decretum
817 2810 1011 2907 composuit,
1037 2833 1102 2881 non
1131 2811 1232 2882 semel

113 2939 346 3036 Imperatorem
384 2937 523 3029 nemini,
557 2962 597 3009 ne
630 2939 733 3035 Papae
761 2937 904 3035 quidem,
940 2960 1010 3008 esse
1045 2937 1233 3030 obnoxium,

113 3068 290 3157 asserit.²¹)
344 3065 534 3137 Uberiorem
568 3087 643 3136 vero
678 3065 717 3137 de
744 3066 806 3137 lroc
832 3074 1025 3160 argumento
1053 3074 1233 3159 tractatum,

200 3308 230 3373 ²³)
247 3307 359 3362 Ruauls
377 3307 419 3361 De
437 3308 523 3376 gestis
541 3313 569 3362 et
587 3309 695 3378 scriptis
712 3308 737 3363 S.
757 3307 878 3363 Thomae
891 3308 960 3364 Ven.
981 3314 1054 3363 1751.
1071 3324 1098 3378 p.
1117 3313 1175 3364 231.
1193 3323 1232 3378 sq.

114 3400 248 3470 Aquinati
266 3400 326 3455 libr.
335 3401 355 3453 1.
367 3404 396 3454 et
404 3400 438 3454 II.
450 3406 523 3469 1-4,
541 3400 742 3457 Ptolemaeo
759 3402 902 3456 Lucensi
922 3401 1235 3472 trinaequentiaoopita,

112 3495 217 3564 reliqua
233 3508 300 3549 vero
317 3508 454 3564 anonymo
472 3494 574 3551 tribuit.

200 3588 229 3652 ²¹)
248 3586 528 3655 Glossa‚,Disoreuit“
546 3588 649 3643 addan.
660 3593 684 3643 6.
703 3588 879 3644 Diouxcvl.
899 3589 1000 3653 „immo
1012 3589 1120 3644 videtur
1130 3593 1233 3656 contra,

115 3680 189 3748 quod
208 3696 263 3735 non
282 3680 419 3748 discrevit,
437 3681 486 3736 sed
505 3681 642 3750 confudit,
661 3697 744 3752 quum
762 3683 825 3751 lpse
843 3698 914 3738 unus
932 3687 960 3736 et
976 3681 1063 3749 idem,
1086 3686 1232 3751 utrumque

115 3767 236 3828 officium
246 3774 334 3842 gessit
343 3789 392 3843 per
402 3789 441 3837 ee,
458 3779 489 3829 ut
499 3779 615 3838 notaret,
633 3776 752 3845 quodex
763 3776 859 3831 eodem
878 3775 954 3831 toute
971 3780 1231 3843 processeram...

115 3867 184 3922 Nam
204 3867 271 3922 dicit
288 3869 359 3934 Lex,
387 3868 461 3938 quod
480 3884 585 3924 summa
603 3869 683 3925 nobis
700 3869 774 3924 bona
796 3884 814 3924 a
831 3869 891 3924 Deo
915 3884 1047 3925 concessa
1070 3874 1148 3933 sunt,
1173 3869 1230 3924 soil.

114 3961 302 4016 Sacerdotium
329 3966 357 4016 et
374 3962 519 4030 Imperium
538 3962 616 4025 (Nov.
626 3963 771 4017 iustiniani
789 3967 814 4030 6,
836 3961 980 4030 Prooemt
1010 3962 1232 4018 RursuoPrimus

115 4069 165 4123 per
191 4055 346 4124 superbiam
373 4055 487 4122 cecidit,
521 4055 594 4110 unde
620 4055 743 4112 homines
768 4056 795 4111 in
821 4055 960 4110 infernum
987 4056 1233 4124 nonagenarium

114 4148 239 4204 Christm
262 4153 353 4203 autem
378 4165 430 4205 nos
452 4149 603 4204 humilitate
626 4166 675 4205 sua
699 4164 804 4204 sursum
830 4149 923 4204 erexit.
971 4149 1025 4205 Sed
1049 4150 1071 4204 si
1101 4149 1233 4206 haberent

114 4256 210 4296 omnes
228 4243 320 4297 omnia
337 4235 437 4310 officia,
456 4243 636 4312 superbirent,
653 4243 692 4297 ita
710 4243 784 4312 quod
802 4243 898 4299 iterum
918 4243 1140 4311 demergerentur
1148 4243 1175 4298 in
1184 4242 1233 4297 In·
