2940 5040
271 343 330 403 rar
456 320 592 400 ornans
609 345 828 401 morannum
845 345 892 398 m.
911 345 940 399 c.
962 351 1000 400 ιι.
1024 349 1061 399 12.
1080 349 1132 410 ao.
1153 351 1202 412 ιι.)

267 521 450 601 Magnum
482 519 543 584 sibi
571 525 603 584 et
624 519 788 584 Ecclesiae
817 518 1004 601 advocavit,
1028 519 1069 583 ob
1092 519 1241 603 injuriam
1262 523 1390 605 Longo-

268 620 439 687 bardorum
468 628 610 707 tempore
638 620 800 687 Desiderii
827 621 912 704 regis
935 640 1058 704 eorum,
1088 628 1120 688 et
1146 622 1232 703 quod
1255 625 1391 692 Carolus

267 724 309 788 ab
333 746 370 790 co
393 725 512 809 recepit
527 724 656 808 Imperii
671 722 873 806 dignitatem
897 744 959 789 non
974 724 1131 807 obstante,
1148 725 1235 806 quod
1248 727 1389 796 Michael

234 825 444 910 ⁵imperabat
482 825 570 910 apud
603 825 918 909 Constantinopolim.
974 826 1108 910 Propter
1146 827 1232 908 quod
1270 829 1388 915 dicunt,

267 927 352 1008 quod
367 948 485 1011 omncs,
509 929 562 1011 qui
583 929 708 994 fuerunt
722 928 935 993 Romanorum
949 929 1161 1011 Imperatores
1175 937 1250 1013 post
1272 931 1387 1016 ipsum,

266 1034 298 1094 et
326 1031 388 1114 ipsi
419 1030 568 1096 advocati
595 1029 759 1096 Ecclesiae
782 1033 869 1110 sunt,
898 1032 930 1090 et
953 1026 1070 1094 debent
1097 1032 1139 1096 ab
1162 1032 1310 1098 Ecclesia
1331 1033 1385 1098 ad-

264 1133 381 1198 vocari.
432 1133 482 1198 Ex
513 1153 574 1214 quo
603 1132 701 1196 etiam
730 1133 913 1211 sequeretur
940 1129 998 1194 illa
1026 1129 1255 1217 dependentia,
1291 1155 1386 1217 qnam

245 1232 250 1242 ’
266 1234 454 1301 concludere
476 1236 595 1301 volunt.

218 1345 247 1395 ιο
350 1337 391 1400 Et
414 1337 456 1400 ad
478 1336 539 1402 hoc
560 1335 793 1417 infringendum
815 1333 903 1415 dico,
934 1333 1019 1414 quod
1039 1335 1118 1399 nihil
1143 1335 1266 1421 dicunt,
1299 1359 1386 1404 usur·

265 1441 353 1525 patio
378 1438 463 1504 enim
487 1439 569 1522 juris
598 1459 661 1503 non
683 1436 759 1500 facit
785 1437 848 1520 jus.
900 1437 984 1501 Nam
1012 1436 1040 1501 si
1061 1436 1122 1520 sic,
1152 1436 1267 1504 eodem
1289 1439 1385 1507 modo

265 1543 438 1607 auctoritas
445 1540 610 1605 Ecclesiae
624 1539 812 1623 probaretur
824 1537 1005 1622 dependere
1020 1540 1062 1603 ab
1074 1539 1286 1624 Imperatore;
1298 1547 1384 1626 post

265 1664 360 1725 qnam
383 1642 477 1708 Otto
500 1642 676 1726 Imperator
697 1641 868 1706 Leonem
885 1641 1008 1724 Papam
1030 1641 1181 1724 restituit,
1205 1647 1237 1705 et
1258 1642 1384 1710 Benc-

265 1745 415 1810 dictum
438 1742 600 1829 deposuit,
623 1762 766 1807 necnon
788 1742 820 1805 in
843 1741 974 1806 exilium
996 1741 1029 1805 in
1052 1742 1225 1808 Saxoniam
1249 1743 1349 1812 duxit.

663 1952 783 2025 [carun
805 1964 866 2011 xn.
891 1943 984 2030 (xall

349 2086 521 2152 Ratione
543 2105 618 2151 vero
642 2085 688 2148 sic
710 2089 853 2164 arguunt.
899 2078 1033 2145 Sumunt
1061 2083 1177 2149 etenim
1206 2087 1269 2151 sibi
1297 2087 1383 2173 prin-

264 2187 380 2272 cipium
396 2187 436 2252 dc
452 2186 575 2253 decimo
591 2186 713 2270 primae
727 2184 964 2267 Philosophiae,
981 2184 1135 2250 dieentes:
1158 2185 1283 2271 Omnia,
1301 2208 1383 2270 qnae

306 2372 425 2425 ²Verba
461 2371 493 2425 ab
529 2372 660 2441 iujuriam
696 2370 796 2424 habent
916 2371 989 2440 qaod
1006 2369 1075 2424 nihii
1091 2370 1185 2424 dicarit
1201 2402 1234 2410 —
1259 2371 1294 2425 H.
1316 2374 1385 2444 infr.

331 2456 407 2523 codd.
428 2471 494 2524 quos
512 2455 676 2523 inspeximus
695 2471 795 2517 omnes,
828 2487 830 2490 -
914 2455 976 2509 dico
994 2455 1069 2524 qaod
1086 2455 1155 2510 aiiii
1170 2456 1267 2511 debeat

331 2541 429 2610 quibus
447 2540 552 2594 accedit
570 2541 592 2592 F
593 2540 657 2593 icini
677 2540 795 2594 auctori·
876 2541 896 2573 ¹³
912 2541 946 2594 Η.
962 2549 1026 2611 past
1043 2557 1105 2595 vcro
1126 2539 1188 2595 an
1205 2573 1239 2582 -
1260 2542 1291 2595 P.
1305 2548 1386 2614 post·

330 2633 380 2681 tes.
398 2625 596 2681 Desiderantur
608 2626 636 2679 in
645 2625 718 2679 editt.
728 2627 795 2677 antt.
914 2642 995 2694 qaam
1017 2625 1077 2680 Tito

306 2714 316 2745 ⁵
333 2711 364 2764 F.
390 2710 511 2765 Michacl
530 2710 686 2781 Imperator
712 2711 795 2779 impc·
876 2709 895 2740 ¹⁴
914 2709 951 2762 Μ.
971 2709 1148 2765 Berredictam
1166 2710 1304 2784 disposuit

329 2797 410 2851 rabat
847 2793 911 2862 Cap.
929 2794 990 2848 XII.
1039 2797 1046 2826 ¹
1069 2797 1101 2848 Α.
1119 2797 1149 2848 L.
1171 2794 1289 2852 Samari
1313 2801 1385 2854 emim

305 2881 365 2935 ⁷F.
391 2881 423 2933 L.
451 2880 490 2933 Μ.
519 2880 548 2933 Ρ.
574 2911 608 2918 -
637 2878 744 2947 Reliqui
769 2884 795 2931 et
913 2880 966 2934 sibi
982 2881 1153 2951 principiam
1185 2884 1227 2944 (A.
1250 2885 1385 2953 primam)

328 2966 401 3021 editt.
415 2972 482 3036 post
500 2968 597 3038 ipsam,
615 2962 793 3034 ariprando.
915 2995 945 3004 -
956 2965 994 3016 Μ.
1005 2963 1278 3021 Samariteteraisibi
1287 2970 1383 3040 princ.

328 3050 476 3105 Nobiscum
492 3050 559 3104 facit
576 3049 686 3103 Ficinus
913 3079 948 3088 —
966 3049 999 3102 V.
1017 3054 1127 3102 samarit
1144 3052 1242 3104 atenim
1254 3053 1348 3123 princ.

345 3137 377 3188 A.
397 3144 422 3188 er
440 3136 534 3188 dicant
551 3135 584 3190 ab
603 3133 727 3188 Ecclesia
891 3135 951 3186 2A,
970 3133 1123 3189 dedecima
1147 3135 1256 3205 primae
1276 3135 1382 3192 Philas.

304 3223 323 3274 ἵ.
344 3225 354 3256 ⁸
376 3221 409 3274 Η.
437 3222 470 3275 ab
498 3219 570 3275 Erat.
598 3221 728 3274 arraotari
762 3249 794 3257 -
915 3219 1028 3274 dicentis
1045 3251 1079 3258 —
1102 3220 1136 3274 H.
1155 3220 1258 3275 decimo
1270 3222 1384 3291 primae

328 3305 417 3359 Verba
436 3312 461 3359 et
479 3305 575 3359 debeat
596 3306 629 3359 ab
648 3304 723 3360 Eccl.
748 3305 794 3359 ad·
914 3304 1031 3358 dicantes
1048 3304 1128 3357 -M.
1148 3305 1181 3360 da
1198 3305 1302 3360 decimo
1312 3323 1383 3378 pro-

327 3392 421 3444 vocari
438 3407 493 3444 non
510 3391 636 3458 leguntur
653 3391 682 3443 in
701 3390 731 3443 F.
908 3391 991 3459 priae
1008 3387 1084 3442 Pia·
1097 3390 1216 3445 diceutes
1240 3421 1272 3432 -
1294 3392 1325 3446 P.
1348 3391 1384 3446 da

290 3477 310 3508 ¹⁰
328 3475 364 3528 Μ.
391 3475 597 3546 iufriupcadam
626 3475 700 3545 qaod
725 3475 794 3540 dico,
914 3473 1016 3528 decimo
1035 3473 1244 3530 Phidiacum

279 3647 414 3702 etitionem
438 3646 529 3714 Papae
551 3643 725 3698 Hadriani
747 3644 768 3696 I.
794 3647 888 3698 contra
912 3642 1134 3698 Desiderinm
1157 3659 1246 3712 regem
1269 3644 1380 3714 Longo·

259 3663 405 3770 herdorum
423 3721 557 3783 suscepta.
594 3712 633 3766 cf.
649 3712 774 3765 Thomna
792 3714 962 3775 Aanunnnn
975 3710 1016 3764 De
1032 3711 1159 3780 regimine
1177 3712 1262 3781 princ.
1275 3713 1322 3766 ΠΙ.
1339 3719 1380 3768 10.
1451 3718 1455 3737 ¹

261 3787 288 3837 et
310 3788 347 3837 18.
384 3783 435 3850 Qui
451 3786 541 3836 tamen
561 3797 591 3835 eo
609 3787 730 3848 tempore
747 3780 775 3833 in
793 3780 902 3834 Oriente
920 3780 1083 3849 imperabat,
1107 3797 1162 3834 non
1184 3785 1241 3834 erat
1258 3781 1379 3837 Michael

259 3851 429 3919 Rhangebes‚
449 3850 495 3904 sed
514 3848 768 3904 Constantinus
787 3848 1029 3918 Copronymus.
1102 3847 1203 3901 ¹³Puta
1222 3848 1379 3905 Ottoncm

259 3919 387 3989 primum,
416 3918 462 3986 qui
479 3935 550 3972 anno
568 3922 625 3970 ubl.
644 3915 872 3970 Benedictnm
890 3916 921 3968 V.
941 3916 1079 3984 deposuit,
1102 3916 1332 3984 etHamburgum
1349 3919 1379 3972 in
1422 3912 1428 3935 ¹

260 3988 367 4041 exilium
383 3987 467 4044 misit,
485 3987 636 4039 Leonem
654 4000 716 4038 vero
733 3984 807 4040 Vlll.
826 3984 951 4038 restituit.

328 4055 400 4123 Cup.
419 4055 491 4109 xn.
528 4055 748 4107 ²Aa1srounnns
766 4053 917 4122 Metaphys.
936 4052 968 4104 X.
994 4056 1013 4103 l.
1028 4050 1113 4108 thct.
1125 4055 1159 4106 2.)
1177 4051 1301 4106 translat.
1320 4059 1377 4108 ant.

260 4123 322 4189 „Sic
339 4123 431 4190 itaque
454 4129 568 4176 metrum
593 4122 710 4175 omnium
732 4121 804 4190 quod
822 4138 919 4181 unum,
944 4118 1007 4188 quia
1025 4119 1209 4187 cognoscimus
1228 4122 1378 4189 exquibus

259 4195 301 4245 est
322 4191 487 4256 substantia,
519 4190 665 4243 diuidentes
693 4199 741 4243 aut
762 4190 908 4243 secundum
939 4187 1129 4255 quantitatem,
1156 4193 1203 4241 ant
1229 4188 1379 4245 secuudum

259 4259 401 4329 speciem.“
