<?xml version="1.0" encoding="UTF-8"?>
<!DOCTYPE html PUBLIC "-//W3C//DTD XHTML 1.0 Transitional//EN"
    "http://www.w3.org/TR/xhtml1/DTD/xhtml1-transitional.dtd">
<html xmlns="http://www.w3.org/1999/xhtml" xml:lang="en" lang="en">
 <head>
  <title>
</title>
<meta http-equiv="Content-Type" content="text/html;charset=utf-8" />
  <meta name='ocr-system' content='tesseract 3.04.00' />
  <meta name='ocr-capabilities' content='ocr_page ocr_carea ocr_par ocr_line ocrx_word'/>
</head>
<body>
  <div class='ocr_page' id='page_1' title='image "./dantisalligheri01wittgoog_0047.png"; bbox 0 0 2940 5040; ppageno 0'>
   <div class='ocr_carea' id='block_1_1' title="bbox 151 324 853 392">
    <p class='ocr_par' dir='ltr' id='par_1_1' title="bbox 151 324 853 392">
     <span class='ocr_line' id='line_1_1' title="bbox 151 324 853 392; baseline -0.016 0"><span class='ocrx_word' id='word_1_1' title='bbox 151 336 299 392; x_wconf 84' lang='lat' dir='ltr'>XXXVIII</span> <span class='ocrx_word' id='word_1_2' title='bbox 571 324 853 386; x_wconf 83' lang='lat' dir='ltr'><strong>PROLEGOMENA.</strong></span> 
     </span>
    </p>
   </div>
   <div class='ocr_carea' id='block_1_2' title="bbox 153 507 1282 1879">
    <p class='ocr_par' dir='ltr' id='par_1_2' title="bbox 153 507 1282 1879">
     <span class='ocr_line' id='line_1_2' title="bbox 154 507 1278 608; baseline -0.01 -23"><span class='ocrx_word' id='word_1_3' title='bbox 154 513 228 602; x_wconf 92' lang='lat' dir='ltr'>sed,</span> <span class='ocrx_word' id='word_1_4' title='bbox 262 510 346 608; x_wconf 91' lang='lat' dir='ltr'>quod</span> <span class='ocrx_word' id='word_1_5' title='bbox 374 511 471 604; x_wconf 89' lang='lat' dir='ltr'>longe</span> <span class='ocrx_word' id='word_1_6' title='bbox 499 509 644 603; x_wconf 88' lang='lat' dir='ltr'>gravius,</span> <span class='ocrx_word' id='word_1_7' title='bbox 681 507 707 577; x_wconf 91' lang='lat' dir='ltr'>si</span> <span class='ocrx_word' id='word_1_8' title='bbox 736 508 906 601; x_wconf 88' lang='lat' dir='ltr'>epistolam</span> <span class='ocrx_word' id='word_1_9' title='bbox 934 532 1009 580; x_wconf 86' lang='lat' dir='ltr'>curn</span> <span class='ocrx_word' id='word_1_10' title='bbox 1037 531 1135 604; x_wconf 91' lang='lat' dir='ltr'>opere</span> <span class='ocrx_word' id='word_1_11' title='bbox 1164 514 1278 576; x_wconf 91' lang='lat' dir='ltr'>nostro</span> 
     </span>
     <span class='ocr_line' id='line_1_3' title="bbox 155 634 1280 734; baseline -0.008 -23"><span class='ocrx_word' id='word_1_12' title='bbox 155 639 347 729; x_wconf 78' lang='lat' dir='ltr'>contuleriS,</span> <span class='ocrx_word' id='word_1_13' title='bbox 397 660 610 734; x_wconf 80' lang='lat' dir='ltr'><strong>permagnam</strong></span> <span class='ocrx_word' id='word_1_14' title='bbox 643 637 729 707; x_wconf 91' lang='lat' dir='ltr'>inter</span> <span class='ocrx_word' id='word_1_15' title='bbox 768 646 944 732; x_wconf 90' lang='lat' dir='ltr'>utrumqne</span> <span class='ocrx_word' id='word_1_16' title='bbox 986 636 1144 731; x_wconf 92' lang='lat' dir='ltr'>scriptum</span> <span class='ocrx_word' id='word_1_17' title='bbox 1179 634 1280 704; x_wconf 88' lang='lat' dir='ltr'>inter·</span> 
     </span>
     <span class='ocr_line' id='line_1_4' title="bbox 155 760 1281 866; baseline -0.007 -28"><span class='ocrx_word' id='word_1_18' title='bbox 155 768 268 838; x_wconf 81' lang='lat' dir='ltr'>cedere</span> <span class='ocrx_word' id='word_1_19' title='bbox 296 765 509 837; x_wconf 81' lang='lat' dir='ltr'>differentiam</span> <span class='ocrx_word' id='word_1_20' title='bbox 538 763 690 836; x_wconf 80' lang='lat' dir='ltr'>facillime</span> <span class='ocrx_word' id='word_1_21' title='bbox 718 763 890 857; x_wconf 77' lang='lat' dir='ltr'>intelliges.</span> <span class='ocrx_word' id='word_1_22' title='bbox 934 762 970 832; x_wconf 91' lang='lat' dir='ltr'>ln</span> <span class='ocrx_word' id='word_1_23' title='bbox 998 763 1050 833; x_wconf 89' lang='lat' dir='ltr'>illa</span> <span class='ocrx_word' id='word_1_24' title='bbox 1078 762 1178 866; x_wconf 84' lang='lat' dir='ltr'>enim,</span> <span class='ocrx_word' id='word_1_25' title='bbox 1205 760 1281 831; x_wconf 87' lang='lat' dir='ltr'>licet</span> 
     </span>
     <span class='ocr_line' id='line_1_5' title="bbox 154 889 1280 992; baseline -0.005 -26"><span class='ocrx_word' id='word_1_26' title='bbox 154 895 265 992; x_wconf 79' lang='lat' dir='ltr'>paucis</span> <span class='ocrx_word' id='word_1_27' title='bbox 292 894 418 989; x_wconf 83' lang='lat' dir='ltr'>paginis</span> <span class='ocrx_word' id='word_1_28' title='bbox 446 899 625 982; x_wconf 80' lang='lat' dir='ltr'>constante,</span> <span class='ocrx_word' id='word_1_29' title='bbox 642 891 752 962; x_wconf 90' lang='lat' dir='ltr'>omnia</span> <span class='ocrx_word' id='word_1_30' title='bbox 781 889 903 961; x_wconf 83' lang='lat' dir='ltr'>fervida</span> <span class='ocrx_word' id='word_1_31' title='bbox 928 900 960 960; x_wconf 92' lang='lat' dir='ltr'>et</span> <span class='ocrx_word' id='word_1_32' title='bbox 986 890 1155 979; x_wconf 87' lang='lat' dir='ltr'>concitata,</span> <span class='ocrx_word' id='word_1_33' title='bbox 1174 889 1280 985; x_wconf 89' lang='lat' dir='ltr'>qualia</span> 
     </span>
     <span class='ocr_line' id='line_1_6' title="bbox 154 1016 1279 1112; baseline -0.005 -19"><span class='ocrx_word' id='word_1_34' title='bbox 154 1021 290 1112; x_wconf 91' lang='lat' dir='ltr'>homini,</span> <span class='ocrx_word' id='word_1_35' title='bbox 308 1043 438 1091; x_wconf 91' lang='lat' dir='ltr'>summo</span> <span class='ocrx_word' id='word_1_36' title='bbox 457 1042 534 1112; x_wconf 89' lang='lat' dir='ltr'>erga</span> <span class='ocrx_word' id='word_1_37' title='bbox 551 1016 782 1112; x_wconf 82' lang='lat' dir='ltr'>Imperatorem</span> <span class='ocrx_word' id='word_1_38' title='bbox 803 1017 958 1112; x_wconf 91' lang='lat' dir='ltr'>obsequio</span> <span class='ocrx_word' id='word_1_39' title='bbox 978 1027 1149 1107; x_wconf 80' lang='lat' dir='ltr'>stamme,</span> <span class='ocrx_word' id='word_1_40' title='bbox 1173 1040 1279 1112; x_wconf 89' lang='lat' dir='ltr'>neque</span> 
     </span>
     <span class='ocr_line' id='line_1_7' title="bbox 156 1145 1279 1242; baseline -0.004 -22"><span class='ocrx_word' id='word_1_41' title='bbox 156 1151 266 1221; x_wconf 90' lang='lat' dir='ltr'>minus</span> <span class='ocrx_word' id='word_1_42' title='bbox 293 1171 404 1219; x_wconf 89' lang='lat' dir='ltr'>rerum</span> <span class='ocrx_word' id='word_1_43' title='bbox 437 1147 643 1242; x_wconf 87' lang='lat' dir='ltr'>propriarum</span> <span class='ocrx_word' id='word_1_44' title='bbox 672 1168 729 1240; x_wconf 94' lang='lat' dir='ltr'>spe</span> <span class='ocrx_word' id='word_1_45' title='bbox 756 1153 789 1214; x_wconf 92' lang='lat' dir='ltr'>et</span> <span class='ocrx_word' id='word_1_46' title='bbox 815 1166 892 1214; x_wconf 89' lang='lat' dir='ltr'>cura</span> <span class='ocrx_word' id='word_1_47' title='bbox 919 1155 1102 1235; x_wconf 91' lang='lat' dir='ltr'>commoto,</span> <span class='ocrx_word' id='word_1_48' title='bbox 1129 1145 1163 1215; x_wconf 93' lang='lat' dir='ltr'>in</span> <span class='ocrx_word' id='word_1_49' title='bbox 1191 1154 1279 1216; x_wconf 89' lang='lat' dir='ltr'>tanto</span> 
     </span>
     <span class='ocr_line' id='line_1_8' title="bbox 155 1270 1281 1366; baseline -0.005 -18"><span class='ocrx_word' id='word_1_50' title='bbox 155 1277 344 1348; x_wconf 87' lang='lat' dir='ltr'>discrimine</span> <span class='ocrx_word' id='word_1_51' title='bbox 371 1273 579 1344; x_wconf 89' lang='lat' dir='ltr'>conveniunt.</span> <span class='ocrx_word' id='word_1_52' title='bbox 622 1270 660 1342; x_wconf 94' lang='lat' dir='ltr'>ln</span> <span class='ocrx_word' id='word_1_53' title='bbox 687 1294 785 1366; x_wconf 91' lang='lat' dir='ltr'>opere</span> <span class='ocrx_word' id='word_1_54' title='bbox 812 1281 925 1342; x_wconf 91' lang='lat' dir='ltr'>nostro</span> <span class='ocrx_word' id='word_1_55' title='bbox 951 1295 1026 1342; x_wconf 87' lang='lat' dir='ltr'>vero</span> <span class='ocrx_word' id='word_1_56' title='bbox 1053 1273 1162 1342; x_wconf 92' lang='lat' dir='ltr'>omnia</span> <span class='ocrx_word' id='word_1_57' title='bbox 1190 1295 1281 1343; x_wconf 92' lang='lat' dir='ltr'>com·</span> 
     </span>
     <span class='ocr_line' id='line_1_9' title="bbox 154 1397 1281 1500; baseline -0.005 -24"><span class='ocrx_word' id='word_1_58' title='bbox 154 1405 260 1500; x_wconf 90' lang='lat' dir='ltr'>posita</span> <span class='ocrx_word' id='word_1_59' title='bbox 286 1413 319 1473; x_wconf 87' lang='lat' dir='ltr'>et</span> <span class='ocrx_word' id='word_1_60' title='bbox 344 1400 516 1490; x_wconf 88' lang='lat' dir='ltr'>elaborata,</span> <span class='ocrx_word' id='word_1_61' title='bbox 534 1422 615 1494; x_wconf 88' lang='lat' dir='ltr'>quae</span> <span class='ocrx_word' id='word_1_62' title='bbox 633 1398 736 1468; x_wconf 91' lang='lat' dir='ltr'>otium</span> <span class='ocrx_word' id='word_1_63' title='bbox 764 1397 881 1493; x_wconf 92' lang='lat' dir='ltr'>quietis</span> <span class='ocrx_word' id='word_1_64' title='bbox 908 1399 1105 1472; x_wconf 90' lang='lat' dir='ltr'>domesticae</span> <span class='ocrx_word' id='word_1_65' title='bbox 1131 1400 1281 1471; x_wconf 82' lang='lat' dir='ltr'>redolere</span> 
     </span>
     <span class='ocr_line' id='line_1_10' title="bbox 153 1525 1281 1622; baseline -0.004 -21"><span class='ocrx_word' id='word_1_66' title='bbox 153 1529 314 1602; x_wconf 86' lang='lat' dir='ltr'>videntur.</span> <span class='ocrx_word' id='word_1_67' title='bbox 367 1527 493 1598; x_wconf 90' lang='lat' dir='ltr'>lllodica</span> <span class='ocrx_word' id='word_1_68' title='bbox 530 1526 742 1621; x_wconf 90' lang='lat' dir='ltr'>eloquentiae,</span> <span class='ocrx_word' id='word_1_69' title='bbox 769 1525 858 1596; x_wconf 89' lang='lat' dir='ltr'>nulla</span> <span class='ocrx_word' id='word_1_70' title='bbox 892 1527 960 1597; x_wconf 85' lang='lat' dir='ltr'>fere</span> <span class='ocrx_word' id='word_1_71' title='bbox 994 1527 1094 1598; x_wconf 87' lang='lat' dir='ltr'>animi</span> <span class='ocrx_word' id='word_1_72' title='bbox 1122 1527 1281 1622; x_wconf 87' lang='lat' dir='ltr'>exagitati,</span> 
     </span>
     <span class='ocr_line' id='line_1_11' title="bbox 154 1654 1282 1753; baseline -0.003 -25"><span class='ocrx_word' id='word_1_73' title='bbox 154 1656 394 1753; x_wconf 87' lang='lat' dir='ltr'>quamplurima</span> <span class='ocrx_word' id='word_1_74' title='bbox 429 1655 752 1748; x_wconf 83' lang='lat' dir='ltr'>argumentationum</span> <span class='ocrx_word' id='word_1_75' title='bbox 788 1654 1054 1726; x_wconf 88' lang='lat' dir='ltr'>scholasticarum</span> <span class='ocrx_word' id='word_1_76' title='bbox 1092 1655 1282 1750; x_wconf 88' lang='lat' dir='ltr'>specimina,</span> 
     </span>
     <span class='ocr_line' id='line_1_12' title="bbox 154 1781 1280 1879; baseline 0 -26"><span class='ocrx_word' id='word_1_77' title='bbox 154 1807 237 1879; x_wconf 88' lang='lat' dir='ltr'>quac</span> <span class='ocrx_word' id='word_1_78' title='bbox 265 1805 332 1853; x_wconf 89' lang='lat' dir='ltr'>non</span> <span class='ocrx_word' id='word_1_79' title='bbox 368 1805 441 1852; x_wconf 92' lang='lat' dir='ltr'>raro</span> <span class='ocrx_word' id='word_1_80' title='bbox 475 1781 645 1874; x_wconf 84' lang='lat' dir='ltr'>frigidiora</span> <span class='ocrx_word' id='word_1_81' title='bbox 670 1781 789 1877; x_wconf 90' lang='lat' dir='ltr'>potius,</span> <span class='ocrx_word' id='word_1_82' title='bbox 815 1804 912 1876; x_wconf 86' lang='lat' dir='ltr'>quarn</span> <span class='ocrx_word' id='word_1_83' title='bbox 940 1781 980 1852; x_wconf 93' lang='lat' dir='ltr'>ad</span> <span class='ocrx_word' id='word_1_84' title='bbox 1014 1782 1280 1877; x_wconf 87' lang='lat' dir='ltr'>persuadendum</span> 
     </span>
    </p>
   </div>
   <div class='ocr_carea' id='block_1_3' title="bbox 153 1906 1283 2515">
    <p class='ocr_par' dir='ltr' id='par_1_3' title="bbox 153 1906 1283 2515">
     <span class='ocr_line' id='line_1_13' title="bbox 153 1906 1281 2006; baseline -0.002 -24"><span class='ocrx_word' id='word_1_85' title='bbox 153 1921 227 2006; x_wconf 89' lang='lat' dir='ltr'>apta</span> <span class='ocrx_word' id='word_1_86' title='bbox 255 1909 326 2006; x_wconf 92' lang='lat' dir='ltr'>quis</span> <span class='ocrx_word' id='word_1_87' title='bbox 342 1909 466 1980; x_wconf 83' lang='lat' dir='ltr'>dixerit.</span> <span class='ocrx_word' id='word_1_88' title='bbox 512 1908 611 1980; x_wconf 88' lang='lat' dir='ltr'>Multa</span> <span class='ocrx_word' id='word_1_89' title='bbox 630 1908 670 1979; x_wconf 95' lang='lat' dir='ltr'>de</span> <span class='ocrx_word' id='word_1_90' title='bbox 684 1907 813 2002; x_wconf 86' lang='lat' dir='ltr'>juribus</span> <span class='ocrx_word' id='word_1_91' title='bbox 830 1906 1048 2004; x_wconf 90' lang='lat' dir='ltr'>Imperatoris,</span> <span class='ocrx_word' id='word_1_92' title='bbox 1066 1909 1123 1979; x_wconf 91' lang='lat' dir='ltr'>sed</span> <span class='ocrx_word' id='word_1_93' title='bbox 1143 1909 1281 1980; x_wconf 90' lang='lat' dir='ltr'>omnino</span> 
     </span>
     <span class='ocr_line' id='line_1_14' title="bbox 155 2034 1283 2132; baseline -0.001 -23"><span class='ocrx_word' id='word_1_94' title='bbox 155 2038 243 2110; x_wconf 88' lang='lat' dir='ltr'>nulla</span> <span class='ocrx_word' id='word_1_95' title='bbox 280 2037 360 2108; x_wconf 90' lang='lat' dir='ltr'>certi</span> <span class='ocrx_word' id='word_1_96' title='bbox 397 2034 564 2129; x_wconf 86' lang='lat' dir='ltr'>cujusdam</span> <span class='ocrx_word' id='word_1_97' title='bbox 601 2035 828 2132; x_wconf 79' lang='lat' dir='ltr'>ImperatoriS,</span> <span class='ocrx_word' id='word_1_98' title='bbox 865 2036 917 2107; x_wconf 93' lang='lat' dir='ltr'>cui</span> <span class='ocrx_word' id='word_1_99' title='bbox 954 2045 1067 2107; x_wconf 91' lang='lat' dir='ltr'>auctor</span> <span class='ocrx_word' id='word_1_100' title='bbox 1104 2036 1212 2107; x_wconf 86' lang='lat' dir='ltr'>olllcio</span> <span class='ocrx_word' id='word_1_101' title='bbox 1251 2048 1283 2108; x_wconf 90' lang='lat' dir='ltr'>ct</span> 
     </span>
     <span class='ocr_line' id='line_1_15' title="bbox 155 2162 1283 2263; baseline -0.001 -26"><span class='ocrx_word' id='word_1_102' title='bbox 155 2167 272 2263; x_wconf 83' lang='lat' dir='ltr'>pictate</span> <span class='ocrx_word' id='word_1_103' title='bbox 291 2188 326 2236; x_wconf 91' lang='lat' dir='ltr'>se</span> <span class='ocrx_word' id='word_1_104' title='bbox 344 2164 480 2236; x_wconf 89' lang='lat' dir='ltr'>sentiret</span> <span class='ocrx_word' id='word_1_105' title='bbox 496 2163 699 2254; x_wconf 90' lang='lat' dir='ltr'>obstrictum,</span> <span class='ocrx_word' id='word_1_106' title='bbox 718 2162 848 2253; x_wconf 91' lang='lat' dir='ltr'>indicia,</span> <span class='ocrx_word' id='word_1_107' title='bbox 866 2162 983 2253; x_wconf 87' lang='lat' dir='ltr'>nullae,</span> <span class='ocrx_word' id='word_1_108' title='bbox 1000 2163 1048 2234; x_wconf 88' lang='lat' dir='ltr'>vel</span> <span class='ocrx_word' id='word_1_109' title='bbox 1074 2165 1143 2235; x_wconf 86' lang='lat' dir='ltr'>lere</span> <span class='ocrx_word' id='word_1_110' title='bbox 1163 2164 1283 2256; x_wconf 89' lang='lat' dir='ltr'>nullae,</span> 
     </span>
     <span class='ocr_line' id='line_1_16' title="bbox 153 2288 1282 2394; baseline 0 -30"><span class='ocrx_word' id='word_1_111' title='bbox 153 2293 195 2364; x_wconf 89' lang='lat' dir='ltr'>ad</span> <span class='ocrx_word' id='word_1_112' title='bbox 223 2293 305 2364; x_wconf 86' lang='lat' dir='ltr'>facta</span> <span class='ocrx_word' id='word_1_113' title='bbox 324 2291 507 2386; x_wconf 80' lang='lat' dir='ltr'>synchrono</span> <span class='ocrx_word' id='word_1_114' title='bbox 525 2290 711 2362; x_wconf 88' lang='lat' dir='ltr'>allusiones.</span> <span class='ocrx_word' id='word_1_115' title='bbox 733 2332 780 2342; x_wconf 93' lang='lat'><em>-</em></span> <span class='ocrx_word' id='word_1_116' title='bbox 795 2288 832 2360; x_wconf 91' lang='lat' dir='ltr'>ln</span> <span class='ocrx_word' id='word_1_117' title='bbox 860 2314 898 2361; x_wconf 92' lang='lat' dir='ltr'>eo</span> <span class='ocrx_word' id='word_1_118' title='bbox 926 2291 1024 2361; x_wconf 87' lang='lat' dir='ltr'>etiam</span> <span class='ocrx_word' id='word_1_119' title='bbox 1043 2290 1179 2362; x_wconf 87' lang='lat' dir='ltr'>alterurn</span> <span class='ocrx_word' id='word_1_120' title='bbox 1200 2316 1282 2394; x_wconf 89' lang='lat' dir='ltr'>opus</span> 
     </span>
     <span class='ocr_line' id='line_1_17' title="bbox 157 2394 1282 2515; baseline 0 -24"><span class='ocrx_word' id='word_1_121' title='bbox 157 2420 253 2491; x_wconf 91' lang='lat' dir='ltr'>distat</span> <span class='ocrx_word' id='word_1_122' title='bbox 279 2419 318 2490; x_wconf 88' lang='lat' dir='ltr'>ab</span> <span class='ocrx_word' id='word_1_123' title='bbox 345 2419 456 2509; x_wconf 89' lang='lat' dir='ltr'>altero,</span> <span class='ocrx_word' id='word_1_124' title='bbox 483 2417 568 2513; x_wconf 91' lang='lat' dir='ltr'>quod</span> <span class='ocrx_word' id='word_1_125' title='bbox 597 2417 782 2488; x_wconf 88' lang='lat' dir='ltr'>lllonarchia</span> <span class='ocrx_word' id='word_1_126' title='bbox 810 2412 875 2515; x_wconf 88' lang='grc' dir='ltr'>(ΙΙΙ.</span> <span class='ocrx_word' id='word_1_127' title='bbox 906 2413 943 2512; x_wconf 89' lang='grc'>3)</span> <span class='ocrx_word' id='word_1_128' title='bbox 969 2417 1055 2488; x_wconf 90' lang='lat' dir='ltr'>inter</span> <span class='ocrx_word' id='word_1_129' title='bbox 1081 2394 1282 2491; x_wconf 85' lang='lat' dir='ltr'>adversarios</span> 
     </span>
    </p>
   </div>
   <div class='ocr_carea' id='block_1_4' title="bbox 155 2544 1284 4298">
    <p class='ocr_par' dir='ltr' id='par_1_4' title="bbox 155 2544 1283 3407">
     <span class='ocr_line' id='line_1_18' title="bbox 155 2544 1281 2643; baseline -0.001 -26"><span class='ocrx_word' id='word_1_130' title='bbox 155 2545 363 2643; x_wconf 90' lang='lat' dir='ltr'>Imperatoris</span> <span class='ocrx_word' id='word_1_131' title='bbox 389 2545 498 2642; x_wconf 94' lang='lat' dir='ltr'>ipsum</span> <span class='ocrx_word' id='word_1_132' title='bbox 516 2544 635 2640; x_wconf 90' lang='lat' dir='ltr'>Papam</span> <span class='ocrx_word' id='word_1_133' title='bbox 662 2554 811 2615; x_wconf 91' lang='lat' dir='ltr'>recenset</span> <span class='ocrx_word' id='word_1_134' title='bbox 829 2544 1020 2635; x_wconf 87' lang='lat' dir='ltr'>(„Summus</span> <span class='ocrx_word' id='word_1_135' title='bbox 1039 2545 1188 2617; x_wconf 80' lang='lat' dir='ltr'>Pontifex</span> <span class='ocrx_word' id='word_1_136' title='bbox 1216 2603 1223 2616; x_wconf 94' lang='lat'>.</span> <span class='ocrx_word' id='word_1_137' title='bbox 1245 2602 1281 2618; x_wconf 91' lang='lat'>..</span> 
     </span>
     <span class='ocr_line' id='line_1_19' title="bbox 158 2672 1283 2746; baseline 0.001 -1"><span class='ocrx_word' id='word_1_138' title='bbox 158 2674 226 2745; x_wconf 88' lang='lat' dir='ltr'>zelo</span> <span class='ocrx_word' id='word_1_139' title='bbox 253 2674 391 2744; x_wconf 88' lang='lat' dir='ltr'>fortasse</span> <span class='ocrx_word' id='word_1_140' title='bbox 409 2672 546 2743; x_wconf 90' lang='lat' dir='ltr'>clavium</span> <span class='ocrx_word' id='word_1_141' title='bbox 574 2726 668 2743; x_wconf 89' lang='lat'><strong>....</strong></span> <span class='ocrx_word' id='word_1_142' title='bbox 696 2696 756 2743; x_wconf 89' lang='lat' dir='ltr'>nec</span> <span class='ocrx_word' id='word_1_143' title='bbox 784 2696 850 2743; x_wconf 92' lang='lat' dir='ltr'>non</span> <span class='ocrx_word' id='word_1_144' title='bbox 877 2673 929 2744; x_wconf 89' lang='lat' dir='ltr'>alii</span> <span class='ocrx_word' id='word_1_145' title='bbox 956 2727 1021 2745; x_wconf 90' lang='lat'>...</span> <span class='ocrx_word' id='word_1_146' title='bbox 1050 2674 1090 2745; x_wconf 92' lang='lat' dir='ltr'>de</span> <span class='ocrx_word' id='word_1_147' title='bbox 1119 2675 1189 2746; x_wconf 88' lang='lat' dir='ltr'>zelo</span> <span class='ocrx_word' id='word_1_148' title='bbox 1217 2676 1283 2746; x_wconf 88' lang='lat' dir='ltr'>for·</span> 
     </span>
     <span class='ocr_line' id='line_1_20' title="bbox 157 2793 1282 2896; baseline 0 -24"><span class='ocrx_word' id='word_1_149' title='bbox 157 2825 227 2892; x_wconf 87' lang='lat' dir='ltr'>san,</span> <span class='ocrx_word' id='word_1_150' title='bbox 253 2825 319 2872; x_wconf 91' lang='lat' dir='ltr'>non</span> <span class='ocrx_word' id='word_1_151' title='bbox 347 2793 387 2870; x_wconf 81' lang='lat' dir='ltr'>de&#39;</span> <span class='ocrx_word' id='word_1_152' title='bbox 414 2799 574 2895; x_wconf 87' lang='lat' dir='ltr'>superbia,</span> <span class='ocrx_word' id='word_1_153' title='bbox 601 2799 882 2892; x_wconf 83' lang='lat' dir='ltr'>contradicunt“);</span> <span class='ocrx_word' id='word_1_154' title='bbox 917 2799 1064 2896; x_wconf 82' lang='lat' dir='ltr'>Epistola</span> <span class='ocrx_word' id='word_1_155' title='bbox 1090 2825 1166 2872; x_wconf 89' lang='lat' dir='ltr'>vero</span> <span class='ocrx_word' id='word_1_156' title='bbox 1195 2801 1282 2874; x_wconf 88' lang='lat' dir='ltr'>llen-</span> 
     </span>
     <span class='ocr_line' id='line_1_21' title="bbox 157 2927 1281 3024; baseline 0.002 -25"><span class='ocrx_word' id='word_1_157' title='bbox 157 2929 262 2999; x_wconf 92' lang='lat' dir='ltr'>ricum</span> <span class='ocrx_word' id='word_1_158' title='bbox 297 2951 344 2997; x_wconf 92' lang='lat' dir='ltr'>eo</span> <span class='ocrx_word' id='word_1_159' title='bbox 378 2927 475 2998; x_wconf 89' lang='lat' dir='ltr'>ctiam</span> <span class='ocrx_word' id='word_1_160' title='bbox 510 2927 643 2998; x_wconf 91' lang='lat' dir='ltr'>nomine</span> <span class='ocrx_word' id='word_1_161' title='bbox 677 2927 902 3019; x_wconf 90' lang='lat' dir='ltr'>commendat,</span> <span class='ocrx_word' id='word_1_162' title='bbox 943 2929 1028 3024; x_wconf 93' lang='lat' dir='ltr'>quod</span> <span class='ocrx_word' id='word_1_163' title='bbox 1064 2928 1217 3001; x_wconf 82' lang='lat' dir='ltr'>Clemens</span> <span class='ocrx_word' id='word_1_164' title='bbox 1246 2930 1281 3001; x_wconf 92' lang='lat' dir='ltr'>V.</span> 
     </span>
     <span class='ocr_line' id='line_1_22' title="bbox 157 3052 1281 3154; baseline 0.004 -29"><span class='ocrx_word' id='word_1_165' title='bbox 157 3053 227 3149; x_wconf 87' lang='lat' dir='ltr'>ejus</span> <span class='ocrx_word' id='word_1_166' title='bbox 261 3053 500 3149; x_wconf 86' lang='lat' dir='ltr'>expeditionem</span> <span class='ocrx_word' id='word_1_167' title='bbox 535 3052 729 3126; x_wconf 90' lang='lat' dir='ltr'>benedicens</span> <span class='ocrx_word' id='word_1_168' title='bbox 764 3055 922 3126; x_wconf 90' lang='lat' dir='ltr'>secundet</span> <span class='ocrx_word' id='word_1_169' title='bbox 954 3054 1050 3148; x_wconf 87' lang='lat' dir='ltr'>(„llic</span> <span class='ocrx_word' id='word_1_170' title='bbox 1084 3066 1149 3147; x_wconf 87' lang='lat' dir='ltr'>est,</span> <span class='ocrx_word' id='word_1_171' title='bbox 1184 3083 1281 3154; x_wconf 91' lang='lat' dir='ltr'>quem</span> 
     </span>
     <span class='ocr_line' id='line_1_23' title="bbox 158 3181 1283 3278; baseline 0.005 -27"><span class='ocrx_word' id='word_1_172' title='bbox 158 3181 322 3272; x_wconf 86' lang='lat' dir='ltr'>Clemens,</span> <span class='ocrx_word' id='word_1_173' title='bbox 341 3204 428 3252; x_wconf 90' lang='lat' dir='ltr'>nunc</span> <span class='ocrx_word' id='word_1_174' title='bbox 439 3181 525 3252; x_wconf 89' lang='lat' dir='ltr'>Petri</span> <span class='ocrx_word' id='word_1_175' title='bbox 545 3206 724 3274; x_wconf 89' lang='lat' dir='ltr'>successor,</span> <span class='ocrx_word' id='word_1_176' title='bbox 738 3182 809 3254; x_wconf 91' lang='lat' dir='ltr'>luce</span> <span class='ocrx_word' id='word_1_177' title='bbox 824 3183 1028 3278; x_wconf 80' lang='lat' dir='ltr'>Apostolicae</span> <span class='ocrx_word' id='word_1_178' title='bbox 1046 3185 1283 3257; x_wconf 85' lang='lat' dir='ltr'>benedictionis</span> 
     </span>
     <span class='ocr_line' id='line_1_24' title="bbox 158 3304 371 3407; baseline -0.023 -26"><span class='ocrx_word' id='word_1_179' title='bbox 158 3304 371 3407; x_wconf 81' lang='lat' dir='ltr'>illuminat“).</span> 
     </span>
    </p>

    <p class='ocr_par' dir='ltr' id='par_1_5' title="bbox 156 3433 1284 4298">
     <span class='ocr_line' id='line_1_25' title="bbox 261 3433 1283 3533; baseline 0.005 -27"><span class='ocrx_word' id='word_1_180' title='bbox 261 3435 320 3507; x_wconf 88' lang='lat' dir='ltr'>Vix</span> <span class='ocrx_word' id='word_1_181' title='bbox 353 3436 445 3507; x_wconf 88' lang='lat' dir='ltr'>aliter</span> <span class='ocrx_word' id='word_1_182' title='bbox 479 3459 575 3533; x_wconf 88' lang='lat' dir='ltr'>quam</span> <span class='ocrx_word' id='word_1_183' title='bbox 610 3435 644 3505; x_wconf 94' lang='lat' dir='ltr'>in</span> <span class='ocrx_word' id='word_1_184' title='bbox 671 3433 877 3526; x_wconf 87' lang='lat' dir='ltr'>Monarchia,</span> <span class='ocrx_word' id='word_1_185' title='bbox 909 3434 985 3507; x_wconf 90' lang='lat' dir='ltr'>licet</span> <span class='ocrx_word' id='word_1_186' title='bbox 1019 3438 1123 3509; x_wconf 92' lang='lat' dir='ltr'>multo</span> <span class='ocrx_word' id='word_1_187' title='bbox 1152 3440 1283 3511; x_wconf 90' lang='lat' dir='ltr'>brevius</span> 
     </span>
     <span class='ocr_line' id='line_1_26' title="bbox 158 3560 1283 3659; baseline 0.004 -25"><span class='ocrx_word' id='word_1_188' title='bbox 158 3562 337 3634; x_wconf 89' lang='lat' dir='ltr'>earundem</span> <span class='ocrx_word' id='word_1_189' title='bbox 357 3564 583 3659; x_wconf 89' lang='lat' dir='ltr'>quaestionum</span> <span class='ocrx_word' id='word_1_190' title='bbox 610 3572 733 3658; x_wconf 87' lang='lat' dir='ltr'>partem</span> <span class='ocrx_word' id='word_1_191' title='bbox 757 3563 791 3633; x_wconf 92' lang='lat' dir='ltr'>in</span> <span class='ocrx_word' id='word_1_192' title='bbox 811 3560 964 3633; x_wconf 82' lang='lat' dir='ltr'>Convivia</span> <span class='ocrx_word' id='word_1_193' title='bbox 984 3563 1046 3655; x_wconf 88' lang='lat' dir='ltr'>(IV.</span> <span class='ocrx_word' id='word_1_194' title='bbox 1066 3565 1099 3655; x_wconf 86' lang='grc'>4,</span> <span class='ocrx_word' id='word_1_195' title='bbox 1117 3567 1150 3657; x_wconf 80' lang='grc'>5)</span> <span class='ocrx_word' id='word_1_196' title='bbox 1170 3576 1283 3638; x_wconf 88' lang='lat' dir='ltr'>auctor</span> 
     </span>
     <span class='ocr_line' id='line_1_27' title="bbox 159 3689 1282 3786; baseline 0.004 -26"><span class='ocrx_word' id='word_1_197' title='bbox 159 3700 270 3760; x_wconf 89' lang='lat' dir='ltr'>noster</span> <span class='ocrx_word' id='word_1_198' title='bbox 308 3689 462 3761; x_wconf 88' lang='lat' dir='ltr'>tractavit.</span> <span class='ocrx_word' id='word_1_199' title='bbox 520 3689 628 3760; x_wconf 86' lang='lat' dir='ltr'>Etiam</span> <span class='ocrx_word' id='word_1_200' title='bbox 669 3691 702 3762; x_wconf 93' lang='lat' dir='ltr'>in</span> <span class='ocrx_word' id='word_1_201' title='bbox 745 3691 807 3762; x_wconf 91' lang='lat' dir='ltr'>hoc</span> <span class='ocrx_word' id='word_1_202' title='bbox 842 3715 956 3786; x_wconf 91' lang='lat' dir='ltr'>opere,</span> <span class='ocrx_word' id='word_1_203' title='bbox 989 3692 1115 3762; x_wconf 87' lang='lat' dir='ltr'>vivente</span> <span class='ocrx_word' id='word_1_204' title='bbox 1149 3692 1282 3765; x_wconf 85' lang='lat' dir='ltr'>Alberto</span> 
     </span>
     <span class='ocr_line' id='line_1_28' title="bbox 159 3815 1283 3916; baseline 0.004 -29"><span class='ocrx_word' id='word_1_205' title='bbox 159 3815 346 3908; x_wconf 72' lang='lat' dir='ltr'>lustriaco,</span> <span class='ocrx_word' id='word_1_206' title='bbox 373 3818 422 3888; x_wconf 90' lang='lat' dir='ltr'>vel</span> <span class='ocrx_word' id='word_1_207' title='bbox 449 3827 536 3888; x_wconf 88' lang='lat' dir='ltr'>certe</span> <span class='ocrx_word' id='word_1_208' title='bbox 569 3829 643 3890; x_wconf 87' lang='lat' dir='ltr'>ante</span> <span class='ocrx_word' id='word_1_209' title='bbox 671 3819 863 3890; x_wconf 90' lang='lat' dir='ltr'>electionem</span> <span class='ocrx_word' id='word_1_210' title='bbox 890 3817 1023 3890; x_wconf 91' lang='lat' dir='ltr'>Henrici</span> <span class='ocrx_word' id='word_1_211' title='bbox 1049 3817 1115 3889; x_wconf 89' lang='lat' dir='ltr'>VH.</span> <span class='ocrx_word' id='word_1_212' title='bbox 1151 3821 1283 3916; x_wconf 88' lang='lat' dir='ltr'>scripto,</span> 
     </span>
     <span class='ocr_line' id='line_1_29' title="bbox 156 3943 1283 4040; baseline 0.004 -24"><span class='ocrx_word' id='word_1_213' title='bbox 156 3943 230 4038; x_wconf 86' lang='lat' dir='ltr'>jura</span> <span class='ocrx_word' id='word_1_214' title='bbox 257 3944 388 4040; x_wconf 88' lang='lat' dir='ltr'>quidem</span> <span class='ocrx_word' id='word_1_215' title='bbox 407 3943 645 4039; x_wconf 89' lang='lat' dir='ltr'>Imperatorum</span> <span class='ocrx_word' id='word_1_216' title='bbox 664 3944 884 4017; x_wconf 77' lang='lat' dir='ltr'>defenduntur</span> <span class='ocrx_word' id='word_1_217' title='bbox 909 3957 940 4018; x_wconf 87' lang='lat' dir='ltr'>et</span> <span class='ocrx_word' id='word_1_218' title='bbox 958 3947 1177 4038; x_wconf 83' lang='lat' dir='ltr'>celebrantur3</span> <span class='ocrx_word' id='word_1_219' title='bbox 1204 3950 1283 4021; x_wconf 90' lang='lat' dir='ltr'>certi</span> 
     </span>
     <span class='ocr_line' id='line_1_30' title="bbox 160 4070 1284 4171; baseline 0.007 -32"><span class='ocrx_word' id='word_1_220' title='bbox 160 4093 235 4141; x_wconf 87' lang='lat' dir='ltr'>vcro</span> <span class='ocrx_word' id='word_1_221' title='bbox 269 4080 302 4140; x_wconf 92' lang='lat' dir='ltr'>et</span> <span class='ocrx_word' id='word_1_222' title='bbox 326 4070 461 4141; x_wconf 85' lang='lat' dir='ltr'>viventis</span> <span class='ocrx_word' id='word_1_223' title='bbox 486 4070 711 4168; x_wconf 88' lang='lat' dir='ltr'>Imperatoris,</span> <span class='ocrx_word' id='word_1_224' title='bbox 733 4071 807 4167; x_wconf 88' lang='lat' dir='ltr'>jura</span> <span class='ocrx_word' id='word_1_225' title='bbox 833 4098 890 4145; x_wconf 88' lang='lat' dir='ltr'>sua</span> <span class='ocrx_word' id='word_1_226' title='bbox 918 4085 1029 4145; x_wconf 90' lang='lat' dir='ltr'>contra</span> <span class='ocrx_word' id='word_1_227' title='bbox 1056 4076 1284 4171; x_wconf 91' lang='lat' dir='ltr'>usurpationes</span> 
     </span>
     <span class='ocr_line' id='line_1_31' title="bbox 162 4196 1284 4298; baseline 0.005 -30"><span class='ocrx_word' id='word_1_228' title='bbox 162 4196 345 4269; x_wconf 83' lang='lat' dir='ltr'>Pontificias</span> <span class='ocrx_word' id='word_1_229' title='bbox 371 4198 575 4290; x_wconf 83' lang='lat' dir='ltr'>vindicantis,</span> <span class='ocrx_word' id='word_1_230' title='bbox 601 4200 729 4272; x_wconf 93' lang='lat' dir='ltr'>nullum</span> <span class='ocrx_word' id='word_1_231' title='bbox 756 4201 924 4274; x_wconf 86' lang='lat' dir='ltr'>indicium.</span> <span class='ocrx_word' id='word_1_232' title='bbox 973 4201 1057 4286; x_wconf 81' lang='lat' dir='ltr'>Quid</span> <span class='ocrx_word' id='word_1_233' title='bbox 1083 4202 1182 4295; x_wconf 91' lang='lat' dir='ltr'>igitur</span> <span class='ocrx_word' id='word_1_234' title='bbox 1209 4228 1284 4298; x_wconf 93' lang='lat' dir='ltr'>pro·</span> 
     </span>
    </p>
   </div>
   <div class='ocr_carea' id='block_1_5' title="bbox 0 0 1480 5040">
    <p class='ocr_par' dir='ltr' id='par_1_6' title="bbox 0 0 1480 5040">
     <span class='ocr_line' id='line_1_32' title="bbox 0 0 1480 5040; baseline 0 0"><span class='ocrx_word' id='word_1_235' title='bbox 0 0 1480 5040; x_wconf 95' lang='lat' dir='ltr'> </span> 
     </span>
    </p>
   </div>
  </div>
 </body>
</html>
