2940 5040
150 325 239 379 XLIV
568 322 851 378 PROLEGOMENA.

254 499 291 571 Si
324 499 579 596 suppellectilem
613 499 804 588 literariam,
838 521 899 594 qua
934 497 966 567 in
1003 497 1093 568 libris
1131 497 1171 568 de
1205 497 1272 569 Mo·

152 626 284 697 narchia
312 626 411 697 utitur
431 637 550 717 noster,
568 625 749 697 accuratius
768 624 958 720 inspexeris,
978 647 1043 695 non
1071 625 1176 696 solum
1205 649 1272 696 am·

151 755 221 826 bitu
256 754 416 825 minorem
453 777 524 824 eam
559 752 704 823 invenies
739 776 792 841 ea,
832 775 928 846 quam
962 752 994 822 in
1031 749 1184 822 Convivia
1219 753 1274 823 ad·

152 882 270 972 hibuit,
304 881 360 952 sed
389 881 498 952 minor·
525 880 619 953 eliam
655 878 688 948 in
717 877 921 950 citationibus
955 877 1035 949 tides
1068 891 1101 950 et
1133 880 1272 951 eruditio

152 1020 182 1086 te
217 1032 284 1080 non
322 1008 435 1102 fugiet.
495 1007 600 1078 Taceo
638 1006 758 1077 librum
792 1007 860 1098 „de
895 1006 1027 1077 causis“
1059 1007 1132 1103 plus
1170 1009 1272 1079 semel

151 1134 377 1206 Aristoteli
404 1158 539 1205 erronee
566 1132 735 1205 tributum.
782 1131 918 1204 Gravius
945 1147 1003 1224 est,
1029 1133 1131 1229 capite
1159 1133 1272 1229 quinto

151 1263 224 1334 libri
252 1260 385 1332 secundi
414 1260 608 1357 opusculum
636 1258 803 1330 Martini
829 1258 1071 1331 Dumiensis
1095 1259 1270 1350 „Formnla

151 1391 305 1461 honestae
336 1387 434 1477 vitae,
471 1388 536 1459 sire
571 1386 611 1457 de
646 1395 783 1481 quatuor
815 1387 986 1459 virtutibus
1020 1387 1272 1480 cardinalibus“,

150 1516 248 1612 quod,
266 1538 366 1610 quum
382 1513 571 1585 Conuiuium
593 1512 655 1602 (ΙΙΙ.
670 1511 708 1608 8)
728 1514 894 1606 scriberet,
911 1539 977 1586 non
997 1539 1067 1586 esse
1086 1515 1272 1586 Senecae

150 1642 350 1714 intellexerat
382 1651 511 1731 auctor,
544 1642 605 1712 sub
638 1641 773 1712 nomine
806 1643 928 1738 antiqui
965 1643 1050 1714 illius
1086 1642 1270 1739 philosophi

151 1768 283 1841 laudari.
303 1810 351 1819 -—
371 1766 466 1862 Pejus
485 1769 581 1838 etiam
600 1767 760 1839 Livium
789 1770 891 1840 citans
910 1770 1040 1842 errarit:
1069 1795 1135 1841 non
1164 1770 1271 1842 solum

150 1897 250 1986 enim,
269 1920 349 1991 quae
368 1893 520 1965 Orosio
547 1894 717 1985 debentur,
735 1897 854 1991 passim
884 1891 934 1994 (11.
954 1898 988 1970 4.
1016 1897 1072 1968 liu.
1093 1897 1152 1988 48,
1178 1896 1216 1968 ll.
1239 1900 1270 1969 5.

150 2024 206 2095 lin.
239 2023 297 2114 57)
334 2021 486 2093 Patavina
514 2020 667 2093 historiae
688 2019 856 2093 Romanae
883 2023 1032 2119 scriptori
1058 2024 1187 2115 tribuit,
1214 2026 1270 2095 sed

150 2160 183 2222 et
208 2161 470 2221 commentorum
500 2149 597 2220 medii
625 2150 692 2220 aevi
720 2150 847 2221 incusat
874 2149 922 2239 (ll.
952 2149 986 2220 9.
1021 2151 1077 2222 lin.
1097 2153 1158 2243 47)
1182 2153 1271 2223 aurei

150 2277 268 2349 saeculi
299 2287 475 2349 auctorem.

250 2403 337 2474 Haec
374 2403 482 2474 omnia
521 2401 674 2496 juvenem
716 2403 835 2498 magis,
882 2429 979 2499 quam
1015 2405 1120 2477 virum
1167 2415 1271 2476 tantae

150 2531 326 2621 doctrinae,
353 2541 506 2627 quantam
534 2531 566 2601 in
587 2531 690 2602 Dante
718 2530 928 2623 admiramur,
946 2532 1089 2604 indicare
1108 2534 1269 2605 videntur.
1303 2615 1307 2618 ,

150 2656 214 2729 Sed
227 2681 276 2765 Qne
294 2657 371 2728 illud
401 2657 531 2754 quidem
554 2658 826 2755 praetereundum
854 2669 912 2750 est,
927 2670 1092 2730 auctorem
1121 2671 1269 2732 nostrum

150 2794 297 2879 tempore
325 2807 388 2880 quo
406 2784 503 2879 lyrica
531 2782 599 2878 ejus
626 2796 774 2881 poemata
802 2785 865 2856 iam
893 2811 951 2882 per
968 2787 1129 2882 integram
1147 2787 1269 2857 ltaliam

151 2911 378 3002 recitabantur,
396 2936 471 3008 quo,
487 2912 687 2984 vastissimae
706 2912 897 2984 eruditionis
917 2938 1009 3010 opus,
1032 2924 1169 3010 quatuor
1188 2913 1271 2986 Con·

151 3037 223 3107 vivii
252 3047 413 3130 tractatus,
438 3039 471 3110 in
498 3039 606 3109 lucem
633 3041 829 3136 prodierant,
847 3063 919 3111 eam
948 3040 1111 3112 scribendi
1130 3066 1272 3135 causam,

151 3189 192 3236 ne
216 3164 418 3261 „perniciosa
437 3189 554 3259 vorago
581 3191 709 3264 semper
736 3167 951 3261 ingurgitans,
970 3178 1002 3238 et
1028 3192 1195 3265 nunquam
1223 3170 1271 3241 in·

150 3293 311 3387 gurgitata
344 3293 550 3364 retundens“
585 3293 763 3384 diceretur,
796 3306 829 3365 et
865 3305 901 3369 ut
931 3297 1128 3392 „posteritas
1157 3297 1273 3368 habeat

151 3442 215 3515 quo
241 3419 280 3490 ab
308 3443 346 3490 eo
375 3419 519 3490 ditetur“
545 3421 690 3515 prolerre
719 3444 784 3491 non
812 3421 965 3518 potuisse.

253 3545 316 3616 Sed
359 3547 493 3644 propius
536 3547 631 3618 etiam
666 3549 704 3620 ad
739 3559 868 3645 tempus
903 3573 965 3644 quo
1001 3574 1083 3645 opus
1120 3567 1269 3624 nostrum

151 3673 366 3770 compositum
394 3684 443 3745 est
468 3674 622 3745 accedere
639 3675 762 3747 licebit:
797 3676 886 3761 Quae
914 3677 1006 3748 initio
1034 3677 1107 3750 libri
1134 3680 1270 3750 secundi

150 3946 249 4002 maren,
269 3941 304 3994 de
321 3941 425 3995 honore
442 3955 475 3995 en
495 3940 547 3995 hoc
566 3956 648 4009 opere
666 3944 693 3996 in
712 3957 742 4001 ae
759 3946 884 3997 emanato
902 3943 1012 4011 gloriari
1030 3947 1139 4012 poterat
1156 3944 1270 4001 Dentes.

151 4032 192 4088 of.
210 4033 349 4101 Wegele
367 4034 385 4087 l.
403 4049 426 4089 o.
444 4050 471 4102 p.
490 4039 546 4088 101.
563 4035 668 4089 Notat.
687 4064 721 4074 —
740 4035 820 4100 Quod
838 4035 860 4090 si
877 4035 916 4090 ita
934 4041 1015 4098 esset,
1033 4040 1106 4091 certe
1124 4053 1179 4093 non
1197 4038 1271 4093 foret

151 4127 313 4189 mirandum,
336 4126 410 4194 quod
428 4127 544 4182 eundem
562 4129 649 4182 virum
668 4128 779 4182 doctum
798 4132 833 4196 (p.
852 4131 911 4194 298)
930 4129 1057 4196 offendit,
1075 4131 1192 4198 vestigia
1209 4131 1269 4186 Mo-

152 4219 275 4274 narchiae
293 4219 320 4273 in
338 4219 438 4288 vulgus
456 4222 578 4289 prolatae
596 4223 722 4276 rixante
740 4227 853 4275 mortem
872 4221 990 4276 auctoris
1009 4222 1184 4289 deprehendi.
