2940 5040
240 349 301 412 102
531 349 666 406 DANTIS
684 349 902 406 MONAROHIA
918 351 966 405 111.
986 350 1015 406 O.
1033 355 1057 405 4.

238 526 318 591 haec
341 522 403 588 duo
425 523 580 603 regimina
594 522 717 605 feeerit5
742 527 774 588 et
795 543 853 606 per
874 541 1071 605 consequens
1094 521 1228 588 intentio
1251 522 1359 608 Moysi

239 645 310 693 esse
331 645 395 691 non
416 625 520 709 potuit
540 611 613 707 illa,
637 644 732 706 quarn
754 623 884 704 fingrmt.

322 729 431 793 Potest
454 726 550 792 etiarn
572 726 632 791 hoo
660 723 873 810 mendacium,
902 724 1085 824 tplerando,
1114 745 1184 809 per
1214 724 1358 790 distin-

239 828 411 895 ctionem
434 827 576 893 dissolvi.
620 826 728 893 Mitior
748 846 885 909 namque
908 832 957 892 est
978 827 1012 891 in
1029 825 1250 893 adversarium
1272 827 1357 893 solu-

187 951 219 1004 oo
238 930 282 998 tio
305 929 500 1011 distinctiva;
525 929 686 995 nonenim
708 928 834 994 omnino
850 928 1006 996 mentiens
1029 948 1100 995 esse
1115 927 1252 1011 videtur,
1274 929 1360 995 siout

236 1031 460 1114 interemptiva
481 1031 572 1095 illurn
594 1030 696 1096 videri
717 1030 801 1096 facit.
846 1030 927 1097 Dico
951 1050 1036 1114 ergo,
1060 1029 1244 1113 quodlicet
1266 1031 1360 1096 Luna

236 1154 300 1200 non
321 1134 440 1199 habeat
467 1133 571 1198 lucem
600 1132 812 1215 abundanter,
841 1131 903 1197 nisi
931 1138 966 1197 ut
993 1153 1014 1196 a
1036 1132 1112 1199 Sole
1134 1131 1263 1216 recipit,
1294 1153 1360 1198 non

236 1239 366 1320 propter
393 1235 454 1300 hoc
488 1233 644 1316 sequitur,
674 1233 760 1314 quod
787 1233 859 1316 ipsa
887 1234 978 1298 Luna
1005 1232 1047 1298 sit
1076 1253 1096 1298 a
1125 1232 1210 1300 Sole.
1262 1233 1359 1300 Unde

238 1336 416 1418 sciendum,
440 1334 526 1417 quod
548 1334 636 1400 aliud
659 1341 707 1401 est
730 1354 819 1400 esse
842 1334 941 1417 ipsius
963 1335 1088 1419 Lunae,
1111 1334 1201 1400 aliud
1223 1334 1359 1403 virtus

114 1486 117 1490 ι
187 1460 218 1510 95
238 1439 323 1523 ejus,
346 1444 378 1503 et
399 1437 488 1502 aliud
510 1437 682 1521 operari.
722 1437 883 1516 Quantum
905 1435 1018 1502 estad
1040 1457 1125 1520 esse,
1148 1437 1236 1503 nulio
1259 1436 1358 1503 modo

238 1539 329 1604 Luna
351 1537 510 1621 dependet
531 1559 552 1602 a
575 1536 665 1621 Sole,
688 1559 747 1604 nec
769 1538 867 1603 etiarn
882 1544 1035 1619 quantum
1057 1538 1100 1602 ad
1114 1539 1274 1621 virtutem,
1298 1559 1359 1606 nec

239 1646 390 1722 quantum
413 1638 455 1704 ad
477 1639 694 1725 operationem
716 1639 916 1724 simplicitcr;
946 1640 1023 1722 quia
1050 1646 1179 1707 motus
1208 1641 1278 1724 ejus
1307 1645 1358 1707 est

238 1762 259 1806 a
279 1747 400 1807 motore
420 1741 564 1826 proprio,
587 1741 808 1808 influentia
830 1761 888 1807 sua
903 1746 952 1808 est
974 1742 1148 1827 apropriis.
1165 1741 1232 1807 suis
1247 1741 1353 1807 radiis.

238 1843 345 1909 Habet
366 1843 451 1910 enirn
472 1844 614 1925 aliquam
637 1844 740 1909 lucem
761 1862 803 1908 ex
824 1863 874 1927 se,
904 1846 940 1907 ut
966 1843 999 1907 in
1028 1844 1098 1928 ejus
1119 1843 1233 1929 eclipsi
1256 1843 1355 1908 mani-

171 1969 219 2018 100
237 1944 352 2011 festum
375 1949 436 2028 est3
460 1945 518 2012 sed
541 1950 692 2027 quantum
715 1943 758 2009 ad
780 1945 924 2011 melius
946 1951 978 2011 et
993 1945 1163 2011 virtuosius
1185 1965 1357 2030 operan-

237 2047 339 2130 dum,
361 2047 473 2130 recipit
495 2045 618 2129 aliquid
639 2067 659 2111 a
682 2048 772 2130 Sole,
803 2047 879 2129 quia
907 2048 1010 2114 lucem
1031 2047 1263 2130 abundantem,
1293 2067 1358 2128 qua

236 2154 379 2233 recepta,
403 2149 573 2214 virtuosius
595 2156 750 2234 operatur.

263 2299 286 2332 99
302 2298 333 2352 F.
352 2298 419 2354 baec
436 2298 490 2353 dcco
508 2298 655 2353 luminario

323 2383 357 2437 V.
375 2391 401 2438 et
413 2399 547 2454 praeseus
563 2384 676 2437 intentio

262 2469 284 2502 ⁸⁷
302 2469 333 2522 F.
354 2485 409 2524 aon
421 2469 515 2538 potuit
532 2484 614 2538 quom
629 2468 697 2538 fiap.

263 2555 286 2588 99
302 2555 334 2608 A.
354 2553 383 2607 F.
403 2553 440 2605 M.
459 2552 490 2605 P.
510 2551 603 2606 Potest
619 2554 700 2607 etium
717 2551 769 2609 boc

303 2639 442 2693 mendacio
467 2666 500 2674 -
526 2636 558 2689 V.
584 2636 644 2690 Pot.
668 2646 695 2691 ct
718 2637 769 2693 boc

305 2721 528 2778 mendacio-L.
547 2720 608 2775 Pot.
627 2721 678 2775 boc
695 2738 768 2775 mert-

304 2810 383 2864 dace'o
401 2838 435 2848 —
458 2806 491 2860 H.
518 2805 579 2859 Pot.
602 2807 683 2860 etium
706 2804 770 2861 duic

304 2890 768 2960 mendacio—SequimurFicinum.

321 2976 351 3030 P.
365 2993 421 3046 per
438 2976 644 3030 destructionem

262 3061 286 3095 99
302 3060 340 3114 M.
358 3060 456 3114 solutio
474 3060 601 3115 distincto
619 3091 653 3098 —
667 3061 702 3114 A.
720 3059 768 3115 sot.

303 3145 452 3214 diffinitiva

262 3231 286 3263 99
304 3229 482 3298 Reposuimus
506 3245 566 3284 curn
589 3230 665 3285 codd.
683 3230 716 3283 A.
734 3229 767 3282 F.
798 3212 805 3228 ’

302 3314 336 3368 Η.
360 3314 390 3367 Ρ.
417 3322 444 3368 θῖ
468 3314 584 3382 antiquis
607 3313 667 3371 edd.
691 3313 767 3366 illum

304 3415 351 3454 [sc.
371 3397 564 3464 adversarium)
585 3398 672 3453 uideri
686 3399 766 3468 fucit,

303 3501 352 3554 pro
371 3483 439 3537 illud
461 3483 555 3553 otdf.
580 3483 659 3551 quod,
683 3483 765 3537 adsti

302 3569 413 3638 putante
429 3566 665 3637 cod.V.‚Dionysii
680 3583 767 3621 ernen-

302 3653 438 3706 dationem
456 3652 574 3719 sequuti,
606 3653 634 3706 in
665 3655 768 3705 textum

302 3742 464 3808 receperunt
481 3737 594 3791 Turrius
622 3741 648 3790 et
664 3736 766 3790 Frutic.

262 3824 292 3890 99,
304 3824 327 3855 99
344 3823 376 3879 F.
386 3824 416 3877 P.
436 3824 511 3893 quod
522 3823 601 3877 Lucu
619 3839 674 3876 uon
689 3821 769 3877 babet

262 3909 285 3940 99
302 3909 334 3961 A.
354 3906 408 3960 ctist
423 3913 454 3961 ut
470 3926 488 3962 a
506 3906 570 3962 Sole
587 3909 720 3978 receperit

262 3992 285 4024 99
301 3991 333 4045 F.
351 4008 406 4045 raon
424 3997 512 4045 tumeo
525 3999 643 4063 propter
660 3991 711 4046 boc

263 4075 285 4107 99
302 4077 334 4128 Α.
355 4076 392 4128 Μ.
417 4075 489 4131 Unde
505 4077 641 4131 sciendum
660 4083 700 4130 cst

262 4161 285 4194 99
301 4161 339 4215 M.
348 4161 381 4215 dc
399 4162 505 4225 virtum,
523 4178 572 4217 uec
589 4170 719 4232 quaretum
733 4193 767 4200 -

303 4244 335 4298 V.
363 4245 400 4299 cd
415 4248 547 4311 uirtutem,
565 4248 619 4300 ruisi
635 4254 766 4316 querutum

847 2300 869 2332 99
886 2300 918 2352 Α.
938 2299 969 2352 F.
987 2299 1020 2353 H.
1030 2298 1062 2352 L.
1081 2299 1111 2352 P.
1122 2299 1155 2352 V.
1173 2303 1201 2353 θῖ
1218 2298 1279 2353 edd.
1297 2304 1356 2352 ant.

886 2383 988 2438 habent
1006 2389 1109 2438 motorc
1120 2384 1255 2454 proprio,
1274 2384 1356 2452 quod,

887 2475 984 2523 contra
996 2467 1056 2522 cod.
1065 2467 1102 2520 M.
1115 2467 1247 2534 Ficinum,
1265 2472 1295 2522 et
1312 2484 1357 2524 re·

887 2557 978 2620 centt,
988 2552 1033 2621 qui
1050 2551 1177 2607 exhibent
1186 2558 1248 2608 mot.
1261 2555 1357 2625 primo

885 2646 912 2693 ct
924 2637 988 2706 tarsi,
999 2635 1190 2690 restituendum
1205 2637 1276 2691 duxi.
1306 2638 1355 2692 Vi·

887 2722 983 2777 deatur
1021 2721 1163 2776 Auouonrs
1198 2721 1380 2777 convivium⁴

888 2807 922 2860 Π.
942 2811 966 2860 2.
995 2806 1093 2872 „Certe
1116 2806 1311 2878 Intellipcczc,
1332 2807 1356 2861 le

888 2892 966 2961 quali
996 2908 1062 2945 socco
1095 2890 1151 2945 cllo
1181 2891 1357 2946 revelacione

888 2975 934 3030 del
949 2976 1034 3041 cieto,
1050 2977 1165 3031 siccome
1183 2978 1311 3031 mocitorc'
1327 2977 1358 3032 (ῖί

888 3061 997 3131 quello“
1013 3091 1046 3100 —
1064 3067 1091 3114 et
1106 3060 1178 3115 inter
1190 3062 1311 3133 proprio
1329 3067 1357 3116 et

886 3145 1039 3214 influentia,
1064 3145 1136 3212 quod
1159 3144 1261 3200 habent
1284 3144 1355 3210 edd,

885 3229 964 3283 abest
980 3244 996 3283 a
1013 3229 1089 3283 libris
1110 3229 1196 3284 mstis.

903 3314 938 3367 H.
948 3313 1089 3382 influentia
1104 3315 1240 3385 ejusesto
1254 3317 1357 3385 primis

903 3397 936 3451 H.
957 3398 987 3451 P.
1006 3398 1039 3451 V.
1057 3400 1118 3470 ejus
1135 3399 1222 3454 radiis

839 3483 872 3515 ¹⁰¹
888 3482 995 3549 aliquae
1011 3499 1067 3538 non
1084 3483 1181 3551 legitur
1197 3485 1226 3538 iu
1242 3484 1274 3539 P.

904 3569 954 3636 qui
969 3566 1057 3632 babet,
1076 3569 1147 3635 quod
1156 3569 1218 3623 olim
1227 3586 1277 3639 pro
1288 3572 1355 3640 quia

888 3652 1070 3720 conjeceram,
1098 3659 1126 3707 et
1149 3653 1220 3722 quod
1242 3654 1272 3707 in
1295 3660 1354 3710 tex·

887 3742 945 3791 tum
962 3738 1065 3806 recepit
1088 3738 1197 3805 Fratic.‚
1223 3739 1251 3793 in
1279 3741 1354 3795 nullo

888 3821 980 3876 codice
1000 3812 1214 3890 deprehendens,
1241 3823 1353 3892 ejicien-

885 3908 949 3962 dum
983 3907 1090 3975 putavi,
1129 3905 1354 3974 animadvertens,

885 3999 1024 4046 auctorem
1041 3996 1166 4066 nostrum
1183 3992 1263 4046 etiarn
1280 3994 1354 4048 infra

885 4081 953 4144 (cap.
978 4080 1027 4130 12.»
1046 4078 1111 4145 quio
1129 4079 1205 4146 (.‚per
1222 4078 1353 4145 quasdam

884 4161 1038 4219 relationes,
1058 4160 1141 4228 quia
1158 4177 1207 4229 per
1218 4162 1354 4231 Papatum

889 4250 916 4298 et
943 4245 1143 4313 Imperiatum“)
1173 4262 1222 4314 pro
1249 4249 1356 4305 scilicet
