2940 5040
280 376 317 436 10
505 377 638 432 DANTIS
656 376 876 433 MONAROHIA
893 380 914 435 Ι.
934 380 962 435 G.
980 383 1005 434 4.
1024 384 1069 447 (5),
1087 387 1111 435 5.
1129 384 1173 447 (i).

278 549 383 631 quiete
406 548 474 615 sive
495 548 723 630 tranquillitate
745 550 833 634 paois
855 549 899 615 ad
912 551 1074 636 proprium
1089 571 1180 617 suum
1195 572 1286 637 opus,
1311 556 1395 635 quod

276 651 341 718 fere
364 649 507 716 divinum
528 657 576 718 est
599 649 702 735 (iuxta
716 650 812 717 illud:
834 652 996 734 „Minuisti
1018 672 1090 720 eum
1112 656 1209 739 paulo
1232 655 1338 722 minus
1355 657 1394 723 ab

230 768 259 818 ιο
277 750 445 838 angelis“)‚
474 752 635 819 liberrime
664 757 760 835 atque
789 749 939 816 facillime
965 771 1000 818 se
1030 751 1134 819 habet.
1172 755 1267 823 Unde
1297 759 1394 824 mani·

276 855 477 937 resumes,
506 854 591 936 quod
612 874 678 939 pax
699 852 889 920 universalis
912 857 960 917 est
982 853 1135 937 optimum
1158 876 1282 942 eorum,
1314 879 1395 942 quae

276 955 320 1021 ad
340 961 480 1023 nostram
503 954 731 1023 beatitudinem
754 955 946 1021 ordinantur.
994 954 1076 1021 Hine
1099 962 1156 1039 est,
1180 958 1268 1039 quod
1289 967 1396 1045 pasto·

278 1058 365 1123 ribus
387 1057 427 1125 de
450 1078 574 1124 sursum
596 1056 718 1141 sonuit,
747 1077 811 1123 non
840 1055 987 1139 divitiae,
1015 1077 1078 1123 non
1106 1058 1304 1145 voluptates,
1334 1082 1396 1131 non

277 1162 428 1244 honores,
456 1181 520 1227 non
541 1158 705 1241 longitudo
728 1158 830 1241 vitae,
858 1178 922 1223 non
943 1157 1078 1241 sanitas,
1109 1180 1172 1226 non
1193 1160 1304 1242 robur,
1334 1181 1396 1227 non

228 1279 259 1328 15
276 1261 493 1348 pulchritud03
517 1259 576 1326 sed
596 1281 670 1346 pax.
709 1259 816 1342 Inquit
840 1259 922 1326 enim
945 1259 1092 1325 eoelestis
1113 1260 1242 1326 militia:
1265 1261 1395 1346 „Gloria

275 1363 309 1430 in
324 1363 487 1429 altissimis
502 1363 581 1446 Deo,
605 1363 683 1429 etin
698 1368 783 1429 terra
796 1382 862 1446 pax
877 1359 1057 1427 hominibus
1072 1362 1175 1429 bonae
1190 1363 1395 1431 voluntatis.“

275 1465 359 1530 Hine
381 1465 477 1531 etiam
498 1465 588 1548 „Pax
609 1462 731 1546 vobis“‚
756 1463 850 1530 Salus
868 1462 1029 1529 hominum
1044 1464 1214 1532 salutabat.
1250 1465 1395 1532 Deeebat

277 1567 362 1633 enim
384 1586 540 1632 summum
556 1564 766 1647 Salvatorem,
790 1584 945 1630 summam
967 1565 1191 1632 salutationem
1208 1567 1393 1650 exprimere.

276 1671 378 1750 Quem
393 1667 521 1750 quidem
527 1689 646 1734 morem
654 1687 782 1734 servare
794 1667 962 1732 voluerunt
968 1666 1126 1750 Discipuli
1139 1669 1218 1753 ejus,
1233 1674 1265 1735 et
1278 1669 1395 1734 Paulus

227 1785 259 1834 20
276 1770 309 1835 in
332 1769 574 1836 salutationibus
596 1769 670 1852 suis,
694 1774 729 1833 ut
751 1767 895 1835 omnibus
916 1767 1117 1835 manifestum
1139 1789 1210 1836 esse
1231 1775 1347 1855 potest.

361 1872 411 1936 Ex
433 1871 473 1937 iis
496 1890 570 1953 ergo
587 1891 669 1954 quae
685 1870 846 1938 declarata
869 1875 950 1952 sunt,
972 1874 1069 1954 patet,
1091 1891 1149 1954 per
1171 1871 1257 1952 quod
1272 1873 1394 1956 melius,

276 1974 341 2039 imo
370 1993 427 2057 per
459 1972 545 2055 quod
574 1973 691 2059 optime
721 1990 820 2054 genus
853 1972 1025 2037 humanum
1056 1972 1207 2056 pertingit
1234 1972 1278 2038 ad
1317 1993 1395 2057 opus

276 2074 447 2161 proprium.
498 2074 540 2140 Et
567 2095 625 2159 per
654 2092 849 2156 consequens
878 2073 982 2138 visum
1020 2077 1068 2138 est
1093 2073 1395 2158 propinquissimum

277 2176 432 2261 medium,
461 2198 518 2262 per
547 2175 633 2259 quod
654 2177 717 2240 itur
738 2175 771 2239 in
792 2173 887 2257 illud,
915 2173 958 2239 ad
980 2172 1066 2257 quod
1087 2175 1229 2240 velutin
1250 2176 1395 2241 ultimum

227 2288 259 2339 25
276 2278 370 2345 finem
390 2278 496 2344 omnia
509 2282 616 2344 nostra
632 2298 730 2363 opera
744 2275 936 2360 ordinantur,
953 2276 1039 2358 quod
1053 2281 1103 2342 est
1116 2297 1181 2361 pax
1195 2277 1394 2361 universalis,

278 2398 358 2462 quae
380 2400 437 2464 pro
459 2379 613 2465 principio
629 2380 786 2445 rationum
801 2378 1060 2459 subsequentium
1075 2383 1286 2463 supponatur3
1312 2378 1395 2461 quod

278 2487 345 2548 erat
367 2481 588 2564 necessarium,
612 2485 647 2545 ut
668 2479 788 2545 dietum
809 2479 877 2559 fuit,
901 2479 989 2547 velut
1011 2479 1136 2562 signum
1152 2479 1340 2564 praefixum,
1363 2481 1394 2546 in

278 2582 364 2665 quod
387 2581 542 2664 quidquid
562 2581 760 2667 probandum
784 2587 839 2664 est,
862 2583 1048 2664 resolvatur,
1070 2586 1223 2663 tanquam
1245 2583 1278 2647 in
1295 2574 1395 2649 mani-⁴

276 2685 480 2751 iustissimam
503 2684 677 2750 veritatem.

685 2849 808 2939 [0¹1³ssT
829 2871 861 2918 v.
888 2849 987 2938 (VH-ll

361 2990 569 3056 Resumentes
583 2988 678 3071 igitur
694 2987 779 3069 quod
794 2986 980 3072 aprinoipio
996 2988 1168 3072 dioebatur,
1184 2987 1245 3052 tria
1256 2988 1394 3055 maxime

280 3090 471 3173 dubitantur,
494 3095 526 3156 et
548 3089 692 3155 dubitata
715 3095 907 3173 quaeruntur
929 3089 1012 3156 eirea
1033 3089 1248 3157 Monarchiam
1273 3096 1392 3176 tempo·

304 3227 325 3259 ¹⁰
342 3224 375 3277 A.
386 3227 449 3293 post
457 3223 561 3295 nauelis
573 3223 648 3278 addit
655 3224 746 3296 aleria
758 3229 807 3278 etc.
884 3224 907 3257 ²⁵
924 3224 993 3279 Edd.
1013 3241 1097 3296 opera
1115 3228 1208 3279 uestra

303 3309 325 3342 ¹¹
341 3310 374 3362 A.
393 3308 426 3362 H.
445 3315 471 3363 et
484 3308 541 3363 edd.
560 3325 609 3363 uer
628 3308 767 3380 iouqitudo
926 3309 956 3362 P.
977 3340 1007 3349 -
1025 3310 1121 3380 reliqui
1139 3311 1203 3381 quia
1221 3314 1260 3363 est
1272 3326 1339 3381 pax

303 3478 324 3510 ¹⁷
341 3477 372 3530 P.
390 3475 464 3531 Hine
481 3482 506 3530 el
524 3477 590 3533 Pax
862 3478 925 3548 Cap.
944 3479 978 3534 V.
1017 3482 1024 3513 ¹
1043 3481 1113 3534 L.P.
1132 3511 1165 3518 -
1184 3481 1216 3533 A.
1231 3479 1266 3533 H.
1285 3479 1323 3534 Μ.
1343 3480 1393 3535 Re-

303 3562 324 3595 ¹¹
340 3561 372 3614 F.
389 3577 518 3616 mmmam
535 3563 649 3617 salutem
667 3579 746 3634 capr.
927 3580 1034 3618 sumens
1046 3566 1172 3636 iqitur—
1182 3563 1215 3618 V.
1223 3564 1393 3620 Resumeuii's

300 3648 322 3680 2¹
341 3645 455 3700 Turrius
471 3652 498 3700 et
515 3647 561 3715 qui
576 3662 637 3702 eum
654 3653 810 3716 sequuntur,
928 3651 964 3721 iq.
982 3680 1015 3688 —
1033 3648 1065 3704 F.
1084 3649 1263 3704 [transumens
1275 3667 1342 3723 erqo
1360 3681 1393 3690 -

344 3731 550 3786 adversantibus
574 3731 649 3786 libris
675 3731 766 3798 mstis,
793 3749 810 3788 e
928 3735 972 3788 An
990 3735 1165 3790 Resumeuii?

343 3815 433 3870 verbis
443 3814 606 3887 Exiiseroo
620 3822 811 3889 novumcaput
886 3821 907 3853 ’2
924 3820 958 3873 M.
977 3822 1133 3890 quaerimus
1150 3822 1223 3876 circa

345 3904 470 3968 (sextum)
487 3900 628 3970 incipiunt.

302 3987 326 4020 ²³
343 3986 376 4040 A.
401 3987 474 4040 visus
499 3991 540 4039 est
560 3988 810 4058 propinquissimus

346 4069 450 4134 modus,
462 4085 607 4141 perquem

347 4171 490 4226 ⁰Psalm
508 4176 531 4225 8.
550 4190 573 4226 v.
593 4178 616 4238 6,
634 4173 691 4242 Ep.
710 4173 750 4227 ad
767 4174 869 4229 Hebr.
889 4179 980 4228 2.v.7.
1054 4177 1074 4209 ¹⁵
1090 4175 1145 4228 Ev.
1164 4176 1294 4232 Lucani.
1309 4195 1333 4232 v.
1356 4181 1391 4231 14.

349 4240 369 4272 ¹⁷
387 4238 454 4292 lbid.
474 4243 515 4293 23.
533 4256 558 4294 v.
577 4244 618 4304 36,
637 4241 692 4296 Eu.
709 4240 823 4295 lorinus.
843 4247 882 4295 20.
900 4259 924 4297 v.
944 4247 983 4296 21.
1001 4247 1041 4297 26.
1129 4245 1152 4277 ²⁰
1169 4245 1225 4314 Ep.
1244 4245 1288 4300 ad
1304 4246 1390 4302 Rom.

283 4313 302 4361 l.
322 4323 346 4361 v.
365 4312 388 4360 l.
407 4311 458 4360 etc.
556 4377 564 4385 μ
