2940 5040
290 342 348 404 108
585 348 718 403 DANTIS
736 348 954 404 MONARCHIA
970 351 1017 404 ΠΙ.
1037 350 1066 408 G.
1085 357 1107 404 l.

243 535 273 588 ro
290 518 462 601 puralium:
479 539 617 585 summus
632 520 780 586 Pontifex
796 528 844 586 est
860 521 996 588 vicarius
1011 522 1088 607 Dei3
1106 542 1182 605 ergo
1197 532 1247 590 cst
1262 525 1405 597 dominus

291 620 500 706 spiritualium
535 629 566 689 et
599 623 829 708 temporalium.
884 624 1026 706 Utraque
1060 646 1197 707 namque
1230 632 1404 714 propositio

290 742 367 787 vera
389 728 452 807 est,
482 722 540 789 sed
567 724 707 790 medium
735 726 875 789 variatur
903 730 935 791 et
964 727 1105 807 arguitur
1132 728 1166 793 in
1189 734 1327 810 quatuor
1349 738 1404 800 ter-

289 824 397 908 minis,
427 827 459 889 in
487 826 601 907 quibus
629 826 730 893 forma
758 827 956 911 syllogistica
984 849 1047 894 non
1069 828 1225 914 salvatur,
1261 838 1299 896 ut
1320 839 1408 917 patet

290 927 391 993 exiis
414 947 495 1008 quae
519 927 559 994 de
575 926 767 1012 syllogismo
791 927 983 1013 simpliciter.
1021 931 1105 994 Nam
1127 930 1216 996 aliud
1239 940 1289 1000 est
1311 936 1405 1020 Deus,

242 1052 269 1101 15
289 1029 374 1111 quod
397 1029 571 1113 subjicitur,
584 1029 616 1093 in
638 1029 766 1113 majori,
791 1035 823 1095 et
845 1030 933 1095 aliud
956 1031 1093 1097 vicarius
1108 1032 1185 1116 Dei,
1210 1033 1299 1114 quod
1320 1055 1406 1118 prae

289 1131 412 1197 dicatur
433 1132 466 1195 in
488 1131 610 1196 minori.

371 1234 413 1297 Et
434 1233 461 1298 si
484 1232 554 1314 quis
575 1232 708 1297 instaret
730 1230 769 1298 de
791 1233 902 1298 vicarii
924 1234 1176 1319 aequivalentia,
1210 1235 1335 1302 inutilis
1361 1243 1405 1304 est

285 1334 451 1418 instantia3
477 1334 551 1417 quia
573 1334 678 1398 nullus
700 1334 870 1400 vicariatus
892 1336 961 1401 sive
984 1335 1125 1419 divinus,
1149 1337 1217 1402 sive
1240 1337 1404 1422 humanus,

287 1438 492 1519 aequivalere
514 1441 620 1521 potest
641 1435 809 1520 principali
832 1437 1025 1504 auctoritati:
1049 1438 1135 1520 quod
1154 1443 1245 1523 patet
1267 1438 1309 1504 de
1333 1439 1403 1505 levi.

238 1559 269 1608 20
288 1542 371 1605 Nam
394 1538 525 1622 scimus,
556 1536 641 1620 quod
669 1556 832 1604 successor
858 1540 946 1604 Petri
974 1560 1037 1605 non
1064 1540 1249 1622 aequivalet
1278 1540 1405 1609 (livinae

288 1640 484 1719 auctoritati,
514 1641 627 1705 saltem
649 1641 683 1703 in
705 1641 889 1722 operatione
916 1646 1062 1724 naturae;
1091 1662 1154 1707 non
1183 1641 1268 1708 enim
1296 1649 1404 1728 posset

287 1743 407 1826 facere,
448 1748 563 1807 terram
597 1740 769 1807 ascendere
801 1761 939 1826 sursum,
977 1763 1036 1808 nec
1067 1743 1174 1824 ignem
1210 1743 1404 1812 descendere

288 1845 450 1927 deorsum,
479 1864 537 1928 per
558 1842 695 1911 officium
723 1843 784 1909 sibi
807 1845 1016 1911 commissum.
1061 1846 1130 1910 Neo
1155 1846 1252 1911 etiam
1274 1853 1405 1932 possent

288 1947 393 2012 omnia
415 1945 477 2011 sibi
500 1946 652 2012 committi
674 1967 694 2010 a
715 1946 800 2030 Deo;
824 1947 974 2028 quoniam
995 1950 1188 2029 potestatem
1210 1948 1351 2032 creandi,
1373 1956 1404 2016 et

237 2068 268 2118 25
288 2047 434 2114 similiter
455 2048 638 2133 baptizandi
659 2050 746 2114 nullo
769 2048 863 2114 modo
886 2049 975 2114 Deus
998 2047 1193 2115 committere
1214 2055 1342 2135 posset,
1370 2056 1403 2115 ut

935 2265 1006 2333 quod
1033 2266 1114 2320 etiam
1136 2265 1249 2322 Ficinns
1277 2268 1404 2324 habuisse

935 2350 1047 2404 videtur.

314 2270 342 2331 ¹⁰,
357 2269 375 2300 ¹¹
394 2267 485 2322 Verba
497 2281 616 2319 summus
625 2264 761 2335 Pontifex
777 2273 818 2320 est

354 2352 548 2413 victoriarium
565 2368 630 2421 erpo
644 2359 683 2404 est
692 2351 817 2405 domiuus

352 2437 535 2507 spiritualium
570 2443 597 2488 et
628 2436 816 2505 temporalium

352 2537 408 2575 non
432 2520 558 2586 leguntur
583 2520 611 2573 in
638 2520 675 2573 M.
703 2521 742 2584 P.‚
769 2520 817 2575 scd

352 2605 447 2660 abesse
465 2610 608 2671 nequeunt.

304 2692 324 2723 ¹¹
342 2690 412 2744 Edd.
436 2689 554 2760 Utroque
571 2689 659 2753 euim·
676 2688 723 2743 sed
738 2704 754 2742 a
772 2705 818 2743 co·

352 2775 441 2830 dicum
465 2789 598 2828 consensu
621 2789 675 2827 non
700 2779 758 2828 erat
774 2789 816 2827 re·

352 2859 499 2913 cedendum

312 2945 333 2976 ¹¹
351 2943 383 2997 F.
402 2945 537 3015 eropum
554 2945 582 2997 iu
600 2950 719 3014 quotuor

313 3029 334 3061 ¹³
351 3029 384 3083 A.
401 3028 496 3098 formo
513 3029 612 3100 sylloq.
626 3047 681 3084 uou
692 3036 816 3084 seruatur

312 3114 333 3146 ¹¹
350 3114 381 3166 L.
407 3129 444 3167 ex
469 3115 502 3166 iis
526 3130 597 3184 quoe
622 3114 655 3168 do
679 3114 815 3169 simillimo

349 3200 507 3270 simpliciter

366 3285 399 3336 A.
417 3284 450 3337 H.
468 3285 499 3338 P.
519 3283 590 3338 Num
608 3285 680 3339 otius
691 3283 815 3338 esroeus

311 3371 340 3435 ¹⁵,
354 3370 374 3402 ¹¹
392 3369 482 3423 Verba
491 3374 518 3422 et
529 3369 606 3423 aliud
623 3369 742 3423 otcarius
753 3368 813 3433 oet,

349 3453 424 3523 quod
440 3454 620 3523 praedicatur
652 3455 681 3508 iu
714 3454 815 3507 minori

348 3539 537 3608 praetermissa
555 3545 618 3593 sunt
635 3539 663 3591 in
679 3539 712 3590 A.
731 3536 762 3589 F.
778 3536 812 3589 H.

348 3623 379 3676 P.
398 3654 432 3662 -
459 3623 551 3677 Solum
575 3623 653 3677 aliud
678 3622 812 3676 desidera·

348 3714 393 3762 tur
410 3708 438 3761 in
455 3709 488 3762 V.

308 3795 329 3828 ¹¹
346 3794 379 3847 H.
398 3794 428 3846 P.
441 3793 474 3846 V.
494 3795 559 3863 qm'o
576 3792 667 3846 uultus
684 3792 811 3855 vicariae,

897 2435 919 2468 ¹⁹
935 2435 1018 2488 Editt.
1028 2441 1095 2488 antt.
1105 2436 1180 2505 quod
1191 2442 1271 2506 putot
1290 2437 1403 2491 delevi.

934 2519 1049 2574 Rectum
1074 2519 1140 2574 vidit
1163 2521 1282 2576 Ficinus.
1307 2553 1342 2561 -
1368 2522 1401 2575 H.

937 2604 1012 2673 quod
1022 2606 1107 2676 pouit
1122 2605 1156 2658 do
1173 2604 1227 2660 levi

895 2689 919 2720 ²²
935 2688 1019 2743 Editt.
1037 2688 1148 2757 aliquot,
1166 2704 1221 2744 non
1246 2694 1339 2745 tamen
1355 2705 1402 2745 eae

936 2789 1005 2842 quae
1024 2774 1132 2828 sacculo
1141 2774 1207 2828 XVI
1223 2775 1314 2828 lucem
1330 2775 1400 2829 vide-

934 2864 1007 2924 runt,
1025 2864 1114 2913 tomen
1131 2858 1277 2914 oscendere
1294 2875 1399 2914 sursum

951 2944 1043 2998 Verba
1065 2960 1114 2997 uoo
1132 2945 1221 3014 ionem
1239 2943 1401 2999 descendero

935 3028 1059 3082 deorsum
1069 3043 1123 3082 non
1133 3031 1240 3082 exstant
1255 3028 1284 3081 in
1292 3027 1325 3083 F.
1336 3034 1363 3083 et
1369 3029 1398 3082 P.

892 3113 915 3145 ²³
932 3112 963 3165 F.
982 3111 1040 3166 Nec
1057 3113 1137 3166 etiam
1153 3118 1269 3179 possunt

892 3197 915 3229 2¹
931 3196 965 3250 V.
984 3201 1012 3251 et
1027 3196 1097 3251 Edd.
1118 3200 1269 3268 potentiam
1287 3197 1401 3253 creandi

932 3312 966 3320 —
983 3281 1021 3334 M.
1036 3288 1135 3352 potest.
1154 3282 1241 3336 dandi

892 3367 915 3400 ¹¹
932 3366 1008 3420 Unus
1026 3366 1115 3434 Hung.
1133 3366 1216 3420 habet
1229 3372 1257 3421 et
1274 3367 1398 3422 similiter

933 3451 1113 3518 beatificandi.
1162 3451 1275 3506 Rectam
1309 3457 1398 3507 tamen

932 3551 998 3602 esse,
1017 3553 1097 3603 quam
1115 3536 1283 3603 retinuimus,
1306 3537 1397 3606 vulga-

930 3627 985 3674 tem
1013 3621 1156 3676 lectionem
1189 3621 1288 3689 probat
1320 3622 1396 3676 locus

930 3706 1004 3760 Petri
1038 3705 1185 3760 Lombardi
1218 3706 1253 3760 ab
1284 3710 1397 3761 auctore

930 3791 1071 3858 allegatus.

351 3983 371 4014 ¹¹
388 3981 573 4034 Arusnonums
591 3979 776 4049 Analytica
802 3978 921 4046 priora
944 3977 1012 4043 (‚‚De
1031 3977 1227 4047 syllogismus,
1246 3977 1288 4031 vel
1305 3976 1397 4045 potius

280 4055 404 4118 quartum
422 4049 511 4103 Pnnar
528 4049 662 4102 Juliani
685 4048 823 4111 tH1sPAm)
854 4047 1093 4100 summularum
1120 4044 1317 4113 logicalium
1340 4050 1394 4098 tre·

280 4123 394 4184 etatum,
420 4117 484 4171 inde
509 4117 650 4181 haustum,
676 4116 796 4170 indicare
822 4114 934 4168 videtur.
958 4145 992 4152 —
1019 4114 1105 4181 Quum
1134 4112 1264 4168 terminus
1290 4112 1395 4167 medius

279 4186 411 4252 variatur,
436 4202 485 4254 pro
507 4184 565 4239 Deo
587 4185 716 4239 vicarium
739 4183 790 4237 Dei
813 4182 1014 4248 substituendo,
1038 4198 1091 4236 non
1116 4181 1238 4250 arguitur
1260 4181 1290 4235 in
1308 4182 1394 4237 tribus

279 4253 400 4308 terminis
415 4253 484 4321 justi
502 4253 660 4321 syllogismi,
679 4252 726 4307 sed
744 4251 852 4306 additur
869 4254 988 4318 quartus.
