2940 5040
369 345 419 400 ET
437 345 625 402 SIGLARUM
643 348 952 406 INTERPRETATIO.
1159 354 1222 407 LIX

184 519 355 586 Auctorem
383 518 483 584 libros
511 520 716 586 Monarchiae
744 521 778 586 in
805 522 1000 606 „capitula“
1027 523 1221 609 distinxisse,

96 631 169 715 ipse
192 629 387 710 testificatur,
411 650 439 696 e.
461 650 508 712 gr.
531 630 602 696 Lib.
618 631 658 695 II.
682 651 751 715 cap.
775 636 794 696 6
816 633 872 697 liu.
889 636 919 697 7.
954 633 1023 698 Lib.
1039 634 1082 699 II.
1105 655 1174 720 cap.
1191 640 1220 701 8.

99 741 161 839 iin.
185 745 237 807 75.
275 741 346 806 Lib.
369 741 428 806 ΙΙΙ.
452 760 522 824 cap.
549 745 596 806 16.
619 741 675 806 ii'u.
702 747 728 806 1.
784 742 1002 827 capitulorum
1035 752 1143 812 tamen
1175 747 1222 811 in-

99 852 241 936 scriptio,
264 853 318 917 vel
340 852 517 918 numeratio
539 851 573 916 in
594 852 685 917 nullo
707 851 816 918 codice
842 852 1101 936 deprehenditur.
1145 857 1223 924 Uni·

101 982 173 1028 eum
201 961 298 1044 hujus
327 961 494 1027 divisionis
523 960 674 1026 iudicium
704 968 753 1027 est
780 963 935 1046 scriptura
964 964 1007 1029 ad
1035 986 1153 1031 novam
1186 968 1221 1031 li·

100 1092 197 1138 neam
226 1091 407 1154 recurrens,
436 1072 557 1156 passim
585 1072 680 1138 etiam
710 1073 804 1138 litera
830 1073 963 1140 initialis
989 1075 1086 1158 paulo
1107 1078 1221 1161 major.

99 1181 307 1267 Quantopere
328 1183 389 1247 hac
416 1182 450 1246 in
479 1181 682 1248 distinetione
704 1182 787 1248 inter
808 1202 843 1248 se
862 1185 990 1250 vadant
1017 1185 1090 1250 iibri
1111 1207 1221 1253 manu-

98 1293 209 1377 scripti
239 1292 383 1358 indicant
410 1299 522 1372 notae,
553 1312 635 1375 quae
663 1293 760 1358 etiam
788 1294 928 1360 rationes
957 1301 1085 1361 nostrae
1113 1317 1221 1364 uume-

99 1403 233 1469 rationis
267 1409 441 1485 exponunt.
497 1401 642 1485 capitum
670 1421 835 1484 numeros,
868 1424 964 1486 quum
995 1405 1030 1469 in
1059 1406 1220 1474 codicibus

98 1535 163 1579 non
192 1513 388 1594 habeantur,
418 1512 509 1578 uncis
538 1517 546 1590 [
612 1513 844 1597 tinctusimus,
880 1515 970 1580 uncis
997 1515 1079 1581 alius
1100 1515 1220 1584 formae

96 1629 110 1701 (
213 1623 225 1706 )
249 1643 303 1689 eos
325 1622 498 1703 addentes,
528 1642 607 1704 quos
635 1630 711 1689 ante
733 1644 792 1689 nos
813 1625 945 1690 Turrius
967 1630 999 1691 et
1020 1625 1221 1694 Fraticeilius

96 1733 266 1800 dederunt.

183 1843 468 1910 Enumerationem
491 1842 737 1924 tractandorum,
761 1863 856 1925 quam
871 1845 979 1910 statim
1000 1845 1092 1911 initio
1115 1850 1220 1932 operis

97 1959 182 2039 (cap.
208 1959 238 2018 2.
259 1955 315 2019 lin.
339 1958 466 2031 6-10.)
489 1953 609 2036 profert
630 1959 748 2034 auctor,
777 1953 876 2018 tribus
901 1954 992 2019 libris
1014 1957 1219 2039 respondere,

99 2064 169 2146 ipse
199 2064 289 2130 testis
317 2069 366 2131 est
392 2063 463 2128 Lib.
485 2063 543 2127 111.
574 2082 644 2147 cap.
671 2067 697 2126 1.
720 2063 776 2127 liu.
800 2068 829 2144 4,
852 2069 881 2144 5,
905 2063 960 2127 lin.
985 2070 1034 2129 27.
1085 2066 1151 2132 Sed
1179 2086 1220 2133 ne

99 2174 184 2241 hanc
198 2175 327 2257 quidem
350 2173 588 2240 distinctionem
603 2173 721 2240 diserte
743 2191 928 2256 expressam
950 2174 983 2237 iu
1006 2175 1152 2241 omnibus
1173 2176 1220 2240 in-

99 2285 219 2351 venies.
270 2285 413 2351 Habetur
441 2285 475 2350 in
497 2284 666 2350 Feiiniano
689 2291 721 2350 et
741 2285 874 2349 Veneto.
918 2284 1084 2352 Palatinus
1106 2287 1220 2351 librum

96 2394 275 2462 secundum
303 2415 324 2459 a
351 2395 462 2478 tertio,
492 2415 558 2460 non
585 2414 662 2460 vero
690 2393 826 2478 primum
855 2394 1038 2460 asecundo
1060 2397 1220 2480 expressis

100 2504 208 2572 verbis
241 2503 416 2588 distinguit.
472 2506 585 2588 Neque
616 2505 710 2570 aliter
739 2505 984 2586 Ambrosianus,
1022 2507 1076 2588 qui
1112 2513 1219 2572 tamen

100 2614 215 2680 librum
238 2614 423 2696 secundum,
446 2636 511 2680 non
532 2616 660 2696 librum,
685 2612 743 2680 sed
765 2614 982 2695 quaestionem
1005 2615 1090 2683 dicit.
1135 2617 1219 2682 Reli-

98 2725 154 2807 qui
176 2725 260 2791 inter
281 2724 379 2790 libros
402 2726 447 2790 nil
470 2726 532 2791 uisi
553 2724 659 2808 majus
680 2724 819 2807 spatium
840 2725 1057 2808 interponunt.

183 2979 222 3043 In
261 2978 438 3047 referendis
474 2980 618 3046 codicum
650 2978 840 3044 lectionibus
872 2979 918 3044 ita
950 2979 1018 3064 egi,
1054 2986 1089 3045 ut
1121 2979 1219 3063 siglas

101 3088 267 3171 librorum,
296 3109 428 3171 quorum
457 3090 646 3155 auctoritate
674 3096 797 3155 textum
824 3090 988 3170 constitui,
1011 3089 1102 3154 initio
1124 3097 1220 3156 notae

101 3217 266 3282 ponerem,
296 3200 377 3266 alias
398 3201 567 3282 lectiones,
597 3199 732 3265 alteram
754 3200 795 3265 ab
818 3200 921 3268 altera
943 3200 1064 3267 lineola
1086 3205 1151 3276 (—)
1175 3199 1220 3265 di-

99 3309 279 3391 stinguens,
311 3309 547 3393 subjungerem.
575 3346 618 3356 —
646 3309 779 3389 Quoties
806 3310 840 3374 in
869 3311 982 3378 eadem
1004 3312 1093 3377 linea
1112 3317 1219 3378 textus
1287 3338 1290 3342 ·

97 3417 225 3486 codices
247 3419 376 3503 saepius
397 3420 533 3500 variant,
558 3420 652 3487 toties
673 3419 867 3485 variantium
889 3421 1086 3488 enumeratio
1109 3423 1142 3486 in
1164 3443 1219 3487 no·

98 3528 139 3596 tis
161 3527 204 3595 ad
226 3550 345 3596 novam
367 3529 486 3596 lineam
508 3528 650 3596 recurrit.
