2940 5040
245 364 264 426 s
502 361 636 417 nonnis
653 359 872 416 nouandum
888 360 910 414 1.
929 358 959 415 c.
980 363 1002 412 a.
1019 364 1043 414 a.
1062 364 1107 426 (q.

194 551 227 602 ao
245 556 345 619 quens
367 539 426 618 est,
448 538 483 598 ut
504 533 606 600 omnis
627 532 707 598 ratio
730 551 839 599 eorum
861 550 943 612 quae
964 536 1037 595 sunt
1051 528 1213 614 adfinem,
1237 531 1364 616 abipso

180 650 184 655 '
243 639 315 722 fine,
339 641 488 702 sumatur.
532 635 617 700 Nam
638 633 703 698 alia
725 633 785 699 erit
806 632 887 699 ratio
909 629 1071 697 incidendi
1092 631 1215 714 lignum
1236 639 1367 718 propter

245 739 372 806 domum
394 735 645 818 construendam,
669 740 701 800 et
722 735 789 800 alia
803 739 932 819 propter
954 731 1070 798 navim.
1108 732 1194 798 iilud
1208 733 1316 819 igitur,
1339 735 1366 800 si

246 840 324 922 quid
344 842 402 923 est,
426 837 512 920 quod
533 843 582 902 est
603 835 675 902 finis
696 835 888 902 universahs
906 833 1070 901 civilitatis
1086 834 1216 899 humani
1230 835 1365 919 generis,

245 941 305 1009 erit
326 941 378 1007 hic
398 940 597 1025 principium,
626 958 684 1023 per
706 937 793 1020 quod
814 936 921 1004 omnia
944 955 1026 1018 quae
1047 935 1178 1001 inferius
1198 937 1367 1019 probanda

195 1053 227 1104 as
246 1047 332 1127 sunt,
356 1046 446 1110 enmt
467 1040 636 1107 manifesta
657 1039 856 1107 sufficienter.
899 1037 979 1105 Esse
1001 1041 1107 1104 autem
1128 1037 1224 1104 finem
1249 1039 1366 1106 huius

245 1144 406 1211 civilitatis
429 1149 461 1211 et
482 1142 617 1226 illius,
644 1147 676 1208 et
697 1162 760 1207 non
782 1160 854 1207 esse
874 1158 972 1204 unum
993 1138 1134 1205 omnium
1155 1139 1259 1223 finem,
1283 1141 1365 1207 arbi-

245 1246 322 1311 trari
343 1246 475 1312 stultum
497 1234 554 1310 est'.

658 1476 781 1566 [cmm
802 1499 849 1546 111·
873 1475 959 1566 (wll

328 1634 421 1699 Nunc
441 1637 550 1698 autem
571 1632 744 1698 videndum
765 1637 823 1716 est,
845 1631 923 1715 quid
944 1631 986 1697 sit
1013 1630 1084 1697 finis
1098 1632 1195 1698 totius
1210 1631 1366 1696 humanae

248 1734 425 1816 civilitatis,
449 1754 511 1816 quo
533 1734 619 1817 viso,
641 1735 714 1817 plus
736 1753 832 1815 quam
854 1733 1020 1799 dimidium
1041 1734 1161 1800 loboris
1183 1732 1244 1799 erit
1266 1738 1365 1798 mans

245 1841 361 1918 actum,
383 1834 474 1899 iuxta
488 1835 718 1921 Philosophum
732 1835 776 1900 ad
790 1836 1029 1903 Nicomachum.
1060 1835 1101 1899 Et
1115 1834 1159 1901 ad
1173 1832 1367 1900 evidentiam

246 1937 314 2007 eius
338 1935 424 2019 quod
446 1937 620 2020 quaeritur,
643 1936 887 2023 advertendum,
914 1938 1001 2020 quod
1023 1936 1291 2018 quemadmodum
1320 1939 1368 2001 est

199 2048 230 2098 t
248 2039 319 2106 finis
340 2039 457 2121 aliquis
485 2038 529 2104 ad
550 2060 644 2121 quem
664 2044 779 2105 natura
799 2040 946 2123 producit
966 2040 1131 2125 pollicem,
1162 2044 1195 2104 et
1220 2037 1304 2102 alius
1326 2035 1367 2102 ab

247 2142 308 2209 hoc
329 2140 371 2206 ad
394 2160 489 2224 quem
510 2162 638 2207 manum
659 2147 774 2225 totam,
803 2145 836 2208 et
863 2161 969 2207 rursus
998 2141 1081 2206 alius
1105 2142 1147 2206 ab
1168 2145 1303 2227 unoque
1325 2136 1369 2202 ad

246 2263 341 2326 quem
356 2238 529 2327 brachium,
544 2244 690 2326 aliusque
703 2244 747 2309 ab
762 2242 908 2311 omnibus
919 2242 963 2307 ad
974 2260 1068 2324 quem
1079 2246 1180 2308 totum
1190 2240 1367 2324 hominem3

246 2345 293 2411 sic
314 2344 397 2409 ahos
419 2350 469 2411 est
492 2344 564 2410 finis
593 2346 635 2411 ad
663 2365 758 2427 quem
785 2345 979 2428 singularem
1009 2344 1184 2427 hominem,
1213 2342 1298 2407 alius
1326 2340 1370 2405 ad

248 2465 342 2529 quem
364 2445 489 2513 ordinat
512 2447 720 2514 domesticam
742 2447 1007 2528 communitatem,
1035 2444 1118 2510 alius
1139 2442 1183 2508 ad
1205 2462 1300 2524 quem
1322 2442 1368 2508 vi-

198 2555 228 2605 10
247 2548 371 2633 ciniam,
394 2554 426 2614 et
447 2548 531 2612 alius
545 2547 589 2613 ad
611 2568 704 2631 quem
719 2549 888 2630 civitatem,
912 2553 944 2615 et
958 2547 1041 2612 alius
1056 2546 1099 2611 ad
1114 2565 1209 2628 quem
1225 2563 1368 2628 regnum,

247 2655 279 2716 et
300 2650 438 2732 denique
465 2650 594 2715 ultimus
621 2650 666 2715 ad
695 2669 789 2733 quem
815 2649 1037 2717 universaliter
1064 2666 1165 2733 genus
1195 2646 1369 2710 humanum

248 2752 337 2819 Deus
358 2758 505 2818 aeternus
527 2757 596 2819 arte
617 2771 690 2836 sua,
721 2771 803 2834 quae
830 2757 942 2818 natura
971 2755 1034 2835 est,
1062 2749 1189 2816 inesse
1211 2747 1367 2831 producit.

271 2955 293 2987 ³¹
311 2953 344 3007 F.
363 2952 434 3007 Nam
452 2953 510 3008 alia
527 2957 568 3008 est
584 2955 655 3008 ratic
917 2953 950 3005 H.
969 2952 1093 3008 civilitati
1108 2949 1181 3004 laen.
1198 2965 1259 3020 qen

272 3038 296 3071 ³²
311 3037 344 3090 L.
361 3037 393 3090 P.
415 3037 630 3092 constituendam
859 3037 882 3070 ³⁴
901 3037 934 3090 A.
951 3037 986 3093 u
1004 3037 1036 3090 L.
1054 3035 1092 3089 Μ.
1110 3034 1144 3088 V.
1167 3065 1197 3074 -
1216 3034 1248 3087 F.
1266 3034 1297 3087 P.
1317 3033 1369 3087 erit

330 3122 364 3178 F.
381 3122 457 3176 Illud
472 3138 538 3194 erqo
899 3120 951 3177 loe
962 3122 1132 3192 princqctnm

272 3207 296 3240 ³³
312 3207 381 3262 Edd.
391 3212 503 3262 recentt.
522 3211 570 3273 est,
588 3205 706 3277 qnodsa't
717 3205 783 3274 finis
857 3206 881 3239 ³⁵
897 3206 1045 3275 manifesta
1063 3205 1139 3260 deest
1155 3204 1184 3258 in
1201 3203 1234 3257 F.

330 3293 362 3347 A.
381 3293 412 3347 L.
430 3293 468 3347 M.
489 3322 519 3331 -
538 3291 570 3344 F.
591 3291 656 3358 finis
672 3290 782 3345 ultimas
858 3290 883 3323 ³⁶
899 3290 929 3343 P.
947 3292 1066 3344 omnium
1083 3306 1167 3343 annm
1182 3289 1264 3358 finem

313 3376 389 3431 utilis
406 3406 437 3415 -
455 3376 559 3445 P.fints
576 3374 781 3429 utiles-Tum.
833 3373 899 3443 Cap.
917 3373 966 3427 III.
986 3375 997 3406 ²
1014 3374 1045 3427 F.
1063 3379 1104 3429 est
1121 3378 1288 3428 transactam

314 3459 607 3530 Fraticfintsnlttmns
623 3459 780 3513 Nontamen
866 3460 876 3492 ⁷
894 3458 926 3512 F.
945 3457 1016 3513 alins
1033 3459 1067 3514 al
1084 3458 1209 3513 omnbus

313 3544 414 3600 infitias
438 3548 483 3601 ibo
507 3545 587 3600 etiam
609 3544 684 3598 utilis
701 3558 781 3613 posse
859 3545 879 3576 ¹¹
897 3542 1018 3597 u.-F.
1029 3543 1062 3596 Η.
1071 3542 1104 3596 L.
1115 3542 1153 3596 M.
1166 3541 1197 3594 P.
1208 3541 1243 3595 V.
1252 3540 1369 3610 deniqne

315 3629 429 3697 defendi,
458 3629 567 3684 utfinis
585 3628 657 3682 utilis
675 3627 782 3683 dicatur
901 3629 1017 3699 optimas
1046 3659 1081 3667 —
1103 3626 1189 3681 Ficin.
1211 3626 1369 3695 finalmente

316 3715 362 3783 qui
379 3716 486 3784 assequi
502 3719 600 3784 potest,
619 3716 646 3766 et
664 3712 710 3780 qui
718 3729 781 3782 pro·
899 3729 955 3768 nno
973 3712 1068 3766 altimo

315 3799 374 3854 dest
399 3799 490 3868 generi
519 3799 645 3853 humano.
688 3796 782 3867 Neque
918 3798 951 3851 A.
969 3796 1002 3851 F.
1020 3797 1052 3850 L.
1070 3796 1199 3850 M.-H.
1217 3794 1249 3850 Ρ.
1267 3795 1370 3850 utiliter

315 3883 456 3939 defuturos
480 3899 539 3939 esse
556 3889 637 3951 puto,
660 3882 705 3951 qui
726 3883 781 3936 lec·
900 3898 961 3952 qen.
980 3881 1052 3935 liam.

314 3969 414 4023 tionem
427 3967 552 4023 codFel.
572 3967 686 4021 caeteris
703 3982 782 4036 prae·

315 4051 453 4108 ferendam
470 4068 530 4108 esse
547 4051 646 4107 dicant.

316 4219 388 4290 Cap.
406 4222 466 4277 111.
502 4221 722 4275 ³An1snonnuns
739 4221 804 4274 Eth.
827 4219 983 4274 Nicomooh.
1000 4220 1021 4273 I.
1045 4225 1069 4272 7.
1113 4219 1248 4275 Translat.
1277 4225 1368 4276 vetus:

249 4288 381 4357 „Videtur
397 4289 459 4359 plus
477 4305 556 4357 quam
574 4287 710 4344 dimidium
728 4288 812 4343 totius
830 4302 889 4344 esse
905 4287 1093 4357 principium.“
