2940 5040
493 361 774 419 PROLEGOIIENA.
1085 367 1204 422 XXXIII

315 530 398 586 Auo.
416 531 475 586 TR.
493 532 619 586 XXXVI.
641 537 661 586 l.
681 532 726 599 (I).
743 532 826 588 MON.
843 534 891 588 III.
915 540 963 600 13.)

134 653 345 745 „hominium
371 655 514 726 naturale
535 664 565 726 et
584 656 765 752 politicum,
791 668 821 728 ει
847 668 937 729 recto
955 670 987 730 ει
1002 657 1090 753 justo
1112 660 1201 732 titulo

133 781 348 876 acquisitum,
382 795 555 879 sequutum
594 793 643 854 est
678 783 913 877 sacerdotium,
950 787 1023 881 quia
1058 787 1119 858 tale
1148 788 1204 859 do·

136 908 275 981 minium
311 910 344 979 in
379 910 597 981 ministerium
633 912 804 983 sacerdotii
838 925 870 983 et
902 912 935 983 in
972 913 1142 986 tuitionem
1170 924 1203 986 ει

133 1035 361 1108 defensionem
382 1037 544 1109 Ecclesiae
562 1062 755 1110 concessum
775 1049 824 1110 est
845 1092 968 1113 .....
998 1040 1133 1112 Planum
1153 1051 1203 1113 est

135 1175 256 1255 autem,
279 1164 364 1260 quod
385 1164 603 1237 sacerdotium
622 1167 728 1237 statim
750 1177 824 1262 post
840 1167 996 1238 diluvium
1017 1168 1199 1240 institutum

135 1289 195 1361 luit
222 1293 256 1360 in
284 1315 423 1387 persona
442 1291 691 1383 Melchisedech,
719 1294 772 1389 qui
800 1318 967 1366 summum
989 1296 1201 1387 sacerdotem,

134 1417 188 1513 qui
210 1441 297 1489 nunc
323 1428 382 1510 est,
412 1419 613 1515 significahat
633 1475 758 1494 .....
777 1420 942 1504 Quantum
961 1422 1000 1494 ad
1017 1446 1202 1518 personam,

132 1568 246 1615 verum
275 1557 333 1637 est,
360 1548 445 1642 quod
466 1547 650 1619 dominium
670 1548 783 1644 papale
802 1549 835 1619 in
863 1547 1063 1620 heatoPetro
1091 1549 1202 1621 incoe-

134 1673 198 1769 pit,
236 1673 291 1769 qui
325 1674 386 1744 luit
411 1675 538 1769 primus
563 1674 665 1771 Papa,
700 1699 797 1771 quem
825 1676 957 1772 planum
994 1686 1059 1767 est,
1092 1677 1201 1773 piures

133 1799 350 1896 Imperatores
377 1810 408 1872 el
433 1801 540 1895 Reges
575 1803 789 1897 praecessisse
823 1803 856 1874 in
883 1804 1111 1900 temporalium
1147 1805 1202 1874 ad·

135 1928 388 2019 ministratione3
423 1941 624 1999 nouantem
660 1939 816 2025 quantum
853 1930 892 2002 ad
928 1931 1030 2026 ipsius
1066 1931 1200 2003 dominii

128 2052 411 2148 jurisdictionem,
438 2080 553 2152 quam,
581 2080 641 2127 uec
669 2068 762 2147 ante,
792 2080 852 2128 nec
879 2069 962 2153 post,
997 2057 1106 2128 nullus
1132 2057 1201 2129 Rex

132 2182 180 2253 rel
208 2182 388 2279 Imperator
416 2183 533 2254 habere
554 2194 669 2280 potest,
697 2183 794 2255 uisia
822 2182 962 2272 Christo,
990 2194 1021 2254 et
1039 2208 1096 2279 per
1123 2208 1201 2255 con·

132 2334 283 2406 sequens,
310 2310 372 2382 nisi
400 2336 417 2380 a
444 2311 558 2407 Papa.“

80 2436 221 2509 XXXVI.
250 2437 283 2507 l.
321 2438 461 2529 „Verum
491 2449 550 2529 est,
583 2437 817 2534 Imperatorem
846 2438 945 2508 luisse
980 2448 1053 2509 ante
1082 2436 1199 2535 Papam

131 2574 289 2662 quaritum
317 2566 356 2638 ad
384 2590 569 2661 personam,
596 2566 652 2636 sed
689 2589 755 2636 non
791 2575 947 2660 quantum
983 2566 1022 2636 ad
1057 2566 1199 2637 ollicium

131 2703 163 2764 et
181 2693 333 2787 liguram.
373 2692 536 2765 Successit
548 2694 636 2764 enim
652 2693 790 2789 Papatus
802 2705 834 2764 ει
844 2693 1060 2764 sacerdotium
1079 2691 1199 2764 Christi

131 2821 313 2892 sacerdotio
335 2819 497 2912 Levitico,
531 2833 563 2891 et
597 2821 815 2892 sacerdotium
836 2819 1015 2891 Leviticum
1044 2821 1202 2892 successit

129 2947 311 3018 sacerdotio
331 2947 413 3042 legis
440 2957 585 3019 naturae.
624 2947 716 3018 Unde
737 2946 967 3018 'universaliter
982 2947 1198 3019 sacerdotium

130 3074 192 3145 fuit
219 3083 292 3145 ante
319 3073 515 3171 Imperium,
542 3128 658 3145 .....
687 3099 747 3146 nec
781 3075 882 3145 dictae
917 3084 1091 3170 potestates
1124 3086 1201 3146 sunt

130 3201 287 3272 discretae
314 3213 346 3272 ει
372 3201 526 3292 diversae,
553 3202 625 3298 quia
654 3226 716 3273 una
737 3225 802 3272 nou
830 3201 1003 3272 reducatur
1030 3204 1063 3273 in
1086 3203 1199 3293 aliam;

131 3339 266 3424 utraque
293 3328 381 3400 enim
410 3338 459 3399 est
484 3352 502 3398 a
530 3327 615 3400 Deo:
643 3329 698 3400 sed
720 3328 904 3424 Apostolica
932 3339 964 3399 el
989 3329 1199 3400 sacerdotalis

133 3454 333 3546 immediate,
360 3455 542 3552 imperialis
569 3479 644 3526 vero
673 3456 837 3527 mediante
864 3455 1048 3551 Apostolica
1075 3458 1122 3527 rel
1151 3481 1200 3528 sa·

130 3582 316 3654 cerdotali.
344 3636 408 3653 ...
433 3639 440 3654 .
467 3583 551 3680 Papa
579 3607 645 3654 non
673 3583 769 3655 debet
795 3607 951 3679 usurpare
978 3583 1198 3656 immediatam

128 3709 353 3781 executionem
371 3711 420 3780 rel
432 3710 748 3782 administrationem
762 3711 1001 3807 temporalium,
1014 3734 1054 3781 ne
1066 3722 1199 3807 propter

127 3837 225 3907 talem
253 3839 478 3910 executionem
498 3838 642 3935 implicet
667 3862 702 3909 se
730 3838 868 3933 negotiis
896 3837 1130 3928 saecularibus3
1150 3881 1198 3890 —

127 3963 184 4036 sed
213 3989 252 4036 ex
279 3965 342 4036 hoc
361 3989 427 4037 nou
447 3966 646 4039 subtrahitur
673 3966 858 4039 dominium
879 3965 1108 4062 temporalium
1137 3964 1197 4061 ipsi

126 4091 241 4187 Papae,
268 4094 342 4188 quia
370 4093 403 4163 in
431 4093 556 4164 delictis
584 4106 616 4164 et
641 4094 801 4165 violentiis
830 4117 895 4164 non
923 4093 1025 4189 possit
1057 4091 1198 4188 Impera·

126 4229 214 4291 tores
242 4232 274 4290 et
299 4219 405 4315 Reges
433 4222 615 4315 corrigere,
642 4231 674 4292 el
700 4244 756 4291 eos
785 4220 931 4292 dominio
968 4219 1196 4316 temporalium

994 4350 1009 4388 0
