2940 5040
207 328 246 388 60
491 330 626 385 DANTIS
644 330 862 386 MONARCHIA
879 333 913 386 Π.
933 333 962 387 O.
980 337 1004 388 b.
1023 340 1047 388 7.

205 503 312 570 veniat
333 503 481 588 pauperi,
504 524 567 569 non
589 509 696 570 tamen
718 504 923 589 eleemosyna
945 504 1082 572 dioenda
1104 510 1169 590 est,
1197 507 1256 574 sed
1277 517 1322 576 est

154 607 288 676 assatio
312 604 483 689 quaedam,
515 624 612 689 quae,
642 605 670 671 si
692 605 731 671 de
753 606 882 690 propria
904 607 1083 672 substantia
1110 607 1218 693 fieret,
1243 611 1321 679 elee-

204 728 357 792 mosynae
384 708 517 773 formam
545 708 686 773 haberet.
733 705 886 773 Similiter
908 713 958 774 est
981 708 1021 774 de
1046 709 1109 775 fine
1128 712 1229 796 juris:
1252 715 1323 797 quia

204 794 241 875 si
254 808 390 893 aliquid,
413 815 448 873 ut
461 807 534 874 finis
555 809 656 892 ipsius
674 808 772 893 juris,
795 809 916 892 absque
935 810 1009 895 jure
1032 813 1245 900 obtineretur,
1266 817 1323 882 ita

204 916 288 979 esset
315 911 387 976 finis
411 910 509 995 juris,
538 910 600 977 hoe
627 915 675 975 est
706 929 871 977 commune
901 912 1034 998 bonum,
1065 915 1146 981 siout
1168 918 1322 987 exhibitio

42 1093 44 1101 γ
203 1013 288 1080 faeta
310 1013 349 1079 de
367 1015 451 1080 male
474 1013 629 1096 acquisito
653 1017 702 1078 est
717 1012 935 1098 eleemosyna:
959 1015 1060 1099 etsie,
1085 1037 1182 1100 quum
1204 1020 1239 1085 in
1253 1042 1320 1106 pro-

151 1136 184 1187 45
202 1115 360 1198 positione
389 1113 511 1181 dicatur
540 1114 580 1180 de
608 1113 670 1179 fine
689 1112 771 1196 juris
793 1114 964 1199 existente,
993 1137 1057 1184 non
1078 1123 1203 1186 tanturn
1226 1142 1320 1208 appa

201 1222 305 1301 rente,
329 1217 482 1282 instantia
503 1216 592 1280 nulla
614 1221 669 1282 est.
714 1217 808 1281 Patet
829 1216 939 1300 igitur,
964 1219 1049 1300 quod
1072 1223 1295 1303 quaerebatur.

657 1490 779 1565 [carun
802 1492 870 1566 vm]

285 1676 327 1740 Et
348 1673 429 1739 illud
444 1674 530 1754 quod
551 1679 664 1738 natura
676 1673 850 1757 ordinavit,
874 1674 914 1739 de
934 1675 1008 1759 jure
1023 1684 1184 1745 servatur:
1206 1688 1319 1749 natura

201 1778 285 1843 enim
306 1777 339 1841 in
361 1774 558 1861 providendo
580 1796 644 1842 non
660 1775 767 1841 deficit
788 1777 830 1841 ab
852 1775 989 1842 hominis
1004 1777 1224 1867 providentia,
1248 1787 1321 1867 quia

199 1880 227 1946 si
255 1878 417 1962 deficeret,
447 1877 579 1944 effeetus
615 1882 780 1963 superaret
814 1897 943 1943 eausam
977 1878 1010 1943 in
1039 1880 1197 1967 bonitate,
1235 1889 1318 1969 quod

199 1988 248 2048 est
268 1979 475 2064 impossibile.
522 1978 588 2046 Sed
615 2001 673 2047 nos
701 1967 862 2063 vidembs,
894 1980 980 2062 quod
1007 1981 1041 2045 in
1063 1983 1209 2066 collegiis
1232 1990 1317 2056 insti.

165 2087 179 2136 5
198 2083 340 2167 tuendis,
362 2103 426 2148 non
448 2082 552 2148 solum
574 2081 651 2148 ordo
667 2083 861 2163 collegarum
875 2081 918 2146 ad
939 2083 1075 2149 invicem
1099 2089 1318 2160 consideratur

198 2186 240 2251 ab
262 2185 455 2268 instituente,
479 2182 648 2252 sedetiam
669 2184 805 2251 facultas
827 2183 870 2248 ad
892 2182 997 2250 officia
1020 2187 1209 2276 exercenda,
1233 2197 1318 2275 quod

197 2293 246 2352 est
274 2286 474 2353 considerare
502 2288 669 2351 terminum
693 2285 774 2369 juris
803 2285 836 2349 in
865 2285 1016 2369 collegio,
1046 2289 1098 2354 vel
1126 2291 1160 2356 in
1190 2295 1317 2382 ordine3

197 2409 261 2455 non
289 2389 372 2455 enim
396 2388 451 2471 jus
479 2387 660 2454 extenditur
689 2387 772 2451 ultra
801 2407 905 2472 posse.
949 2389 1035 2471 Ergo
1064 2392 1105 2457 ab
1128 2392 1190 2460 hae
1212 2399 1316 2482 provi-

197 2489 306 2556 dentia
335 2494 449 2553 natura
475 2509 538 2554 non
568 2488 677 2555 deficit
704 2487 737 2552 in
766 2488 832 2554 suis
861 2489 1024 2556 ordinatis.
1075 2494 1213 2580 Propter
1234 2500 1318 2580 quod

148 2597 179 2647 10
198 2597 301 2677 patet,
326 2589 412 2674 quod
432 2595 546 2655 natura
568 2589 694 2656 ordinat
720 2609 772 2655 res
801 2609 871 2656 eum
893 2597 1040 2676 respectu
1068 2614 1197 2664 suarum
1220 2599 1316 2668 faeul-

196 2700 311 2777 tatum,
347 2693 401 2775 qui
433 2696 596 2775 respectus
628 2696 676 2756 est
709 2691 947 2758 fundamentum
980 2694 1063 2778 juris
1099 2697 1134 2762 in
1164 2699 1262 2766 rebus
1297 2720 1317 2766 a

195 2801 308 2861 natura
329 2793 477 2881 positum.
520 2792 571 2857 Ex
600 2810 662 2873 quo
693 2793 849 2876 sequitur,
880 2796 966 2878 quod
994 2796 1071 2864 ordo
1106 2802 1264 2867 naturalis
1284 2801 1317 2867 in

196 2898 290 2964 rebus
313 2897 435 2978 absque
460 2895 532 2978 jure
561 2893 681 2961 servari
709 2915 772 2961 non
793 2895 909 2980 possit,
940 2917 1036 2979 quum
1057 2900 1316 2986 inseparabiliter

219 3183 243 3216 ³⁹
260 3183 292 3235 A.
301 3182 332 3235 F.
343 3181 381 3235 M.
391 3181 422 3236 P.
439 3179 594 3249 —Reliqui
611 3184 638 3234 et
651 3180 728 3248 impr.
805 3182 829 3214 ⁴⁵
846 3180 878 3233 A.
897 3180 929 3233 F.
947 3181 976 3234 P.
995 3186 1022 3237 et
1039 3183 1115 3240 editt.
1126 3193 1237 3255 praeter
1245 3189 1313 3244 Fra-

261 3267 404 3323 dicendam
423 3270 464 3319 est
845 3265 890 3319 tic.
909 3283 964 3320 aaa
982 3273 1071 3322 taurea
1089 3288 1155 3342 app.

218 3371 250 3434 ⁴¹,
261 3370 326 3423 ῃΑ.
343 3368 377 3421 H.
390 3368 422 3420 L.
433 3365 616 3422 consentiente
631 3364 725 3420 Ficino
803 3366 826 3399 ⁴⁶
843 3366 874 3419 F.
894 3364 975 3420 Patet
991 3385 1057 3440 erqo
1075 3373 1150 3441 qaod
1167 3389 1262 3442 quaer.
1281 3406 1313 3414 -

259 3484 292 3494 ..-
316 3454 348 3507 F.
371 3453 445 3523 qaod
461 3453 487 3506 si
502 3450 608 3521 aliquid
629 3482 663 3490 —
685 3450 723 3504 M.
842 3452 875 3504 A.
895 3451 971 3506 addit
993 3453 1022 3506 in
1046 3454 1100 3509 fine
1118 3457 1229 3526 eapitis:
1253 3464 1312 3514 erat

193 3605 196 3610 1
258 3539 340 3610 quasi
355 3536 509 3607 aliquod-
521 3536 551 3589 P.
571 3536 637 3606 qaia
653 3536 725 3590 sicat
841 3535 910 3590 iliad
926 3538 1001 3606 quod
1017 3544 1118 3595 natura
1135 3542 1314 3606 ordinaverat

258 3655 292 3662 -
309 3623 341 3677 V.
360 3627 387 3676 et
404 3621 461 3675 edd·
481 3622 546 3691 quia
563 3622 589 3674 Si
604 3620 681 3675 aliud
776 3635 910 3705 uap.v11.
939 3640 947 3671 ¹
961 3638 996 3691 H.
1007 3641 1082 3710 qaod
1090 3647 1191 3698 natura
1200 3644 1313 3700 ordinat

217 3711 241 3742 ⁴²
256 3708 290 3761 Η.
308 3707 346 3761 M·
364 3714 413 3761 aut
427 3706 492 3775 fias
820 3737 938 3792 ⁶Editi:
956 3739 1005 3793 aa
1021 3746 1048 3794 a
1063 3742 1187 3812 samaeas

275 3795 306 3847 F.
326 3793 427 3863 absque
442 3789 498 3859 fine

215 3897 239 3931 ⁴³
256 3896 326 3950 Edd.
338 3895 415 3966 juris
429 3892 496 3961 fiais

273 3979 342 4033 Edd.
361 3978 459 4033 bodam
477 3992 615 4032 commane

216 4082 239 4113 ⁴⁴
256 4081 288 4134 F.
307 4080 341 4135 de
363 4079 434 4133 malo
452 4079 555 4148 aequis.

275 4163 385 4228 Fratio,
413 4163 484 4217 sicut
509 4163 572 4217 olim
599 4163 723 4219 emenda-

257 4264 354 4314 veram,
373 4255 442 4302 esset
458 4247 548 4300 eleera.

821 3840 832 3872 ⁸
848 3839 879 3892 F.
892 3841 945 3910 jas
962 3843 1114 3898 ostenditur

806 3944 827 3975 ¹⁰
845 3942 878 3995 H.
898 3945 1059 4012 qualitatum

802 4045 822 4077 ¹¹
840 4042 877 4096 M.
897 4044 1004 4101 licinus
1023 4052 1050 4102 et
1067 4048 1126 4102 edd.
1145 4053 1258 4105 reeentt.
1277 4080 1310 4092 —

842 4128 1015 4198 Antiquiores
1031 4148 1091 4187 cum
1108 4135 1218 4203 reliquis
1230 4133 1308 4189 codd.¹

843 4211 924 4267 rebus
941 4219 969 4267 et
985 4223 1085 4272 natura
