2940 5040
266 323 324 384 120
550 323 684 378 DANTIS
701 322 920 377 MONARCHIA
937 321 984 374 ΙΙΙ.
1004 321 1033 374 C.
1054 325 1093 374 10.

346 496 437 562 Hanc
465 517 540 580 ergo
569 494 722 559 minorem
749 494 909 576 interimo;
939 499 971 560 et
1000 513 1096 574 quum
1124 492 1276 576 probant,
1308 491 1380 558 dico

263 598 348 680 quod
370 618 428 663 sua
449 598 594 683 probatio
616 597 705 661 nulla
728 603 784 679 est,
809 595 884 677 quia
901 593 1125 660 Constantinus
1151 592 1295 659 alienare
1317 614 1379 659 non

262 705 387 784 poterat
407 700 537 783 Imperii
559 698 760 781 dignitatem,
783 718 842 762 nec
863 695 1007 762 Ecclesia
1029 694 1179 780 recipere.
1217 695 1260 759 Et
1283 714 1378 776 quum

212 813 244 864 20
262 801 466 886 pertinaciter
493 801 626 884 instant,
656 799 742 882 quod
771 798 856 880 dico,
886 798 932 863 sic
954 797 1078 864 ostendi
1096 801 1217 882 potest:
1250 797 1378 863 Nemini

262 903 337 969 licet
359 923 398 969 ea
419 904 523 992 facere
545 924 602 987 per
623 901 760 968 officium
782 900 844 965 sibi
867 901 1067 983 deputatum,
1098 919 1180 981 quae
1209 905 1281 965 sunt
1305 919 1376 965 con-

261 1010 310 1069 tra
337 1005 418 1071 illud
446 1004 597 1087 cilicium3
629 1004 703 1086 quia
731 1004 777 1068 sic
804 1003 903 1084 idem,
932 1002 965 1064 in
988 1007 1140 1082 (laentum
1162 1001 1264 1082 idem,
1293 1006 1377 1068 esset

261 1108 450 1172 contrarium
473 1105 632 1190 sibiipsi:
661 1104 747 1186 quod
768 1110 816 1171 est
837 1104 1045 1189 impossibile.
1092 1102 1157 1170 Sed
1179 1107 1289 1169 contra
1310 1100 1375 1167 offi-

261 1208 343 1275 cium
371 1209 558 1292 deputatum
585 1206 771 1290 Imperatori
801 1213 864 1288 est,
893 1206 1037 1272 scindere
1064 1206 1246 1290 imperium,
1283 1224 1379 1285 quum

210 1309 398 1376 mollicium
426 1310 496 1393 ejus
524 1310 579 1392 sit,
610 1310 780 1374 humanum
808 1326 906 1389 genus
935 1309 988 1373 uni
1016 1309 1116 1390 velle,
1150 1313 1181 1373 et
1210 1307 1265 1371 uni
1293 1307 1379 1372 nolle

260 1418 367 1480 tenere
391 1411 583 1495 subjectum,
610 1417 644 1473 ut
665 1409 698 1473 in
720 1409 821 1494 primo
844 1409 939 1492 hujus
962 1409 1002 1474 de
1024 1409 1111 1474 l'aeili
1134 1408 1235 1475 videri
1257 1413 1380 1493 potest:

261 1532 337 1594 ergo
360 1513 504 1578 scindere
526 1511 710 1593 Imperium,
739 1511 927 1596 Imperatori
949 1532 1011 1577 non
1034 1512 1117 1577 licet.
1163 1508 1199 1574 Si
1221 1528 1298 1590 ergo
1321 1509 1378 1573 ali-

261 1634 343 1697 quae
367 1613 537 1694 dignitates
560 1610 872 1696 per-Constantinum
895 1620 1000 1679 essent
1015 1612 1174 1680 alienatae
1191 1609 1239 1698 (ut
1255 1610 1378 1700 dicunt)

260 1716 302 1780 ab
324 1715 471 1798 Imperio,
495 1718 527 1778 et
541 1713 711 1780 cessissent
732 1713 764 1776 in
779 1719 968 1798 potestatem
983 1715 1157 1797 Ecclesiae,
1179 1714 1280 1779 scissa
1294 1720 1380 1779 esset

210 1829 242 1881 so
260 1815 367 1880 tunica
387 1815 601 1897 inconsutiliS,
632 1834 728 1896 quam
757 1815 899 1882 scindere
929 1816 1000 1880 ansi
1024 1836 1087 1881 non
1109 1822 1181 1881 sunt
1204 1815 1301 1882 etiam
1324 1815 1381 1896 qui

261 1917 420 1983 Christum
443 1938 551 1983 verum
573 1917 676 1981 Deum
699 1917 810 1981 lancea
832 1918 1037 2002 perforarunt.

344 2022 530 2102 Praeterea,
555 2018 635 2082 sicut
656 2019 801 2084 Ecclesia
824 2040 915 2084 suum
938 2019 1034 2084 habet
1054 2019 1309 2102 fundamentum,
1334 2019 1379 2084 sic

182 2110 185 2115 ’
260 2127 291 2190 et
311 2121 482 2206 Imperium
497 2141 602 2186 suum:
625 2143 699 2186 nam
714 2120 878 2189 Ecclesiae
900 2120 1137 2186 fundamentum
1152 2120 1298 2186 Christus
1320 2127 1378 2186 est.

259 2224 351 2292 Unde
374 2224 547 2307 Apostolus
575 2223 618 2288 ad
641 2223 834 2290 Corinthios:
871 2221 1145 2306 „Fundamentum
1173 2221 1262 2288 aliud
1283 2243 1378 2289 nemo

288 2409 309 2441 ¹⁷
326 2409 417 2462 Verha
447 2410 527 2462 [que
560 2424 626 2477 erpo
661 2408 789 2460 utinorem
908 2408 1005 2460 sissent
1030 2409 1058 2461 ire
1080 2413 1244 2478 potestatem
1277 2438 1312 2447 -
1334 2407 1376 2462 F.

325 2495 462 2558 interimo,
496 2497 522 2545 et
555 2508 638 2561 petrem
671 2493 791 2563 probam
909 2498 934 2544 et
958 2494 1119 2547 concessisset
1141 2493 1169 2545 iu
1188 2496 1327 2562 potestate
1344 2522 1377 2532 ·-

325 2578 424 2632 absunt
442 2593 459 2631 a
477 2575 535 2630 cod.
554 2577 588 2628 A.
908 2575 993 2629 Editt.
1005 2576 1211 2630 Fraticellianee
1227 2577 1378 2631 anteriores

288 2663 309 2696 ¹³
325 2662 355 2716 P.
366 2679 420 2716 aaa
435 2666 544 2732 poterat
555 2662 627 2731 jura
635 2660 705 2731 Imp.
716 2661 789 2732 dieu.
910 2670 935 2714 et
952 2663 1130 2716 excessissent
1147 2662 1176 2714 ia
1188 2666 1327 2731 potestate

342 2747 374 2800 L.
393 2745 431 2800 Et
448 2762 508 2801 eum
524 2747 604 2799 etiam
616 2753 690 2817 pert.
800 2782 804 2792 .
868 2747 891 2779 ³⁰
908 2746 941 2799 H.
960 2748 1023 2800 ausi
1039 2762 1093 2799 reon
1109 2747 1226 2815 ficerunt

284 2832 307 2864 ³⁰
323 2831 356 2884 Η.
370 2831 543 2902 pertinacius
925 2830 994 2883 Edd.
1013 2836 1077 2884 sum
1094 2832 1143 2900 qui
1158 2829 1292 2886 Christum
1304 2861 1331 2870 —
1344 2830 1376 2883 E.

338 2916 790 2970 Eddrecentt.monstruoseisteut
909 2921 971 2967 suut
988 2916 1069 2968 etiam
1081 2932 1137 2986 pet·
1155 2915 1215 2969 etr.

282 3002 304 3033 ²¹
323 3001 361 3054 M.
389 3001 512 3069 officium
543 2999 596 3055 sibi
622 3001 790 3054 commissum
868 3000 890 3032 ³¹
908 2999 945 3052 M.
967 2999 1062 3054 tarreea
1082 3000 1260 3070 perforariut
1283 3028 1319 3039 —
1345 2999 1376 3052 F.

324 3085 368 3139 uel
383 3085 473 3156 deput.
908 3084 1004 3138 laneca
1020 3085 1171 3154 perforare
1375 3149 1378 3152 ¹

284 3171 307 3203 ²³
323 3170 408 3224 Editt.
431 3172 459 3224 iu
477 3171 570 3240 pm'mo
596 3168 680 3239 lustjus
704 3168 790 3238 facile
867 3169 890 3202 ³³
907 3170 940 3221 A.
960 3169 991 3221 H.
1010 3168 1041 3222 L.
1059 3169 1097 3222 M.
1117 3169 1146 3222 P.
1165 3168 1198 3221 V.
1226 3199 1259 3207 -
1286 3168 1317 3221 F.
1336 3170 1376 3223 sie

323 3255 410 3309 uideri
631 3264 633 3268 ’
667 3247 682 3292 s
908 3253 1057 3324 Imperium
1080 3285 1106 3293 —
1134 3254 1218 3309 Editt.
1236 3255 1276 3309 sie
1294 3255 1375 3308 etiem

284 3340 307 3373 ²³
325 3339 513 3408 conjecturam
528 3343 655 3405 nostram,
674 3338 789 3392 aFrati-
906 3335 1055 3410 Imperium

324 3424 400 3478 cellio
424 3425 572 3491 receptam,
603 3424 660 3492 jam
682 3422 789 3476 firmant
924 3422 956 3476 F.
981 3423 1009 3475 P.
1034 3423 1186 3477 asecundo
1210 3422 1245 3476 ad
1266 3422 1376 3496 tertium

323 3511 355 3562 A.
374 3508 407 3561 H.
426 3509 463 3562 M.
481 3508 559 3561 V.-
571 3507 603 3560 L.
622 3515 648 3561 et
665 3509 788 3562 cessisset
907 3501 1120 3568 delectamentum
1131 3507 1278 3576 prosiliunt

323 3595 351 3647 iu
364 3599 501 3664 potestate
527 3624 560 3632 —
586 3592 615 3645 P.
634 3600 660 3645 et
683 3608 788 3646 coaces-

323 3764 346 3796 ³⁰
364 3764 470 3817 Evaus.
492 3763 629 3816 Jonsums
645 3761 718 3813 XIX.
732 3765 772 3814 23.
792 3791 824 3801 -
842 3761 1006 3828 Argumento
1025 3761 1132 3816 tunicae
1148 3761 1327 3825 inconsutilis,
1344 3768 1376 3815 ut

256 3831 416 3885 contrariam
435 3829 562 3885 defendat
586 3830 760 3891 sententiam,
786 3829 871 3882 utitur
889 3829 1098 3884 Bonifatius
1121 3831 1149 3883 in
1167 3830 1246 3883 Bulla
1268 3830 1375 3895 „Unam

255 3904 408 3953 sanctam‘:
428 3900 498 3965 „Pro
509 3900 606 3964 anima,
624 3896 702 3951 idest
719 3913 768 3964 pro
787 3913 817 3951 se
834 3897 901 3965 ipso,
920 3898 1015 3965 capite,
1027 3897 1106 3952 simul
1116 3897 1373 3963 oravittPsalmIsta

255 3967 299 4021 Ps.
320 3972 360 4020 22.
387 3969 467 4032 [cath.
487 3972 538 4031 ll]
564 3985 586 4021 v.
607 3970 657 4030 20)
676 3971 702 4018 et
721 3980 849 4032 corpore,
868 3965 938 4032 quod
957 3982 1055 4034 corpus
1074 3967 1180 4020 unicam
1198 3965 1301 4019 scilicet
1318 3967 1374 4021 Ec-

255 4035 363 4088 clesiam
388 4036 534 4090 nominavit
563 4073 697 4088 ......
726 4033 801 4087 Haec
824 4039 865 4086 est
882 4033 974 4087 tunica
991 4034 1173 4099 inconsutilis,
1201 4049 1269 4102 quae
1287 4034 1375 4089 scissa

255 4103 390 4169 nonfuit,
416 4104 463 4157 sed
489 4109 561 4158 sorte
585 4102 714 4171 provenit.
756 4101 842 4168 Igitur
858 4101 998 4155 Ecclesiae
1023 4103 1101 4156 unius
1125 4109 1151 4156 et
1176 4102 1273 4156 unicae
1290 4119 1375 4156 unum

255 4187 366 4238 corpus,
387 4189 468 4225 unum
487 4178 568 4241 caput
587 4213 592 4224 .
613 4209 618 4220 .
642 4212 647 4222 .
667 4169 788 4224 Christus
805 4169 941 4233 videlicet,
966 4176 993 4223 et
1011 4170 1111 4224 Christi
1134 4170 1249 4224 vicarius
1267 4170 1374 4237 Petrus,

253 4238 379 4306 Petriqne
397 4244 565 4294 successor.“
639 4239 661 4270 ³³
678 4237 790 4292 Pennus
808 4237 828 4289 I.
846 4237 933 4306 Epist.
953 4237 988 4291 ad
1005 4237 1123 4292 Corinth.
1143 4253 1202 4308 cap.
1220 4237 1268 4292 ΠΙ.
1287 4256 1311 4293 r.
1333 4244 1373 4292 11.
