2940 5040
160 321 161 325 ¹
263 319 303 382 48
568 319 702 374 DANTIS
721 317 939 374 MONARCHIA
957 317 989 371 ΙΙ.
1009 334 1031 373 c.
1050 323 1073 371 l.

230 500 245 548 5
262 500 391 581 praeter
406 492 549 560 ordinem
570 493 603 557 in
617 494 711 559 rebus
726 491 933 559 communiter
945 490 1132 574 institutum,
1150 489 1303 556 divinitus
1317 489 1380 557 fit.“

264 595 357 664 Unde
385 596 455 679 ipse
483 595 611 678 prohat,
641 595 702 661 soli
730 594 800 660 Deo
830 596 1025 676 competere,
1058 592 1212 658 miracula
1242 595 1381 679 operari:

264 698 351 781 quod
378 697 566 764 auctoritate
586 697 738 782 Moysis
760 696 941 776 roboratur,
973 694 1028 758 uhi
1057 711 1153 777 quum
1179 700 1311 760 ventum
1334 701 1380 762 est

263 800 307 866 ad
336 800 510 885 sciniphes,
540 799 628 880 Magi
656 798 847 880 Pharaonis,
884 796 1082 862 naturalibus
1114 796 1279 882 principiis
1308 798 1380 863 arti-

262 902 372 968 ficiose
394 906 534 984 utentes,
558 906 590 967 et
611 900 657 965 ihi
672 899 869 982 deficientes,
894 896 1055 963 dixerunt:
1078 898 1227 981 „Digitus
1249 899 1313 964 Dei
1335 906 1383 966 est

215 1010 246 1060 10
265 1002 345 1070 hic.“
397 1002 431 1069 Si
466 1022 542 1086 ergo
577 1003 763 1067 miraculum
798 1006 846 1067 est
879 998 1065 1064 immediata
1096 1000 1239 1085 operatio
1280 1001 1382 1085 primi,

263 1107 384 1188 absque
406 1104 631 1187 cooperatione
652 1102 861 1170 secundorum
883 1100 1061 1184 agentium,
1090 1107 1125 1164 ut
1149 1101 1219 1185 ipse
1241 1103 1384 1170 Thomas

263 1206 295 1271 in
317 1206 536 1291 praeallegato
564 1205 646 1270 libro
674 1205 789 1288 probat
817 1201 1023 1286 sufficienter,
1054 1221 1150 1284 quum
1178 1204 1212 1268 in
1238 1203 1383 1272 favorem

263 1309 399 1393 alicujus
420 1305 631 1393 portenditur,
661 1306 751 1372 nefas
780 1310 828 1371 est
850 1303 971 1386 dicere,
1002 1303 1083 1368 illud
1105 1303 1155 1369 cui
1178 1305 1382 1389 metaretur,

263 1431 327 1476 non
349 1429 420 1475 esse
443 1411 557 1492 aDeo,
580 1411 743 1488 tamquam
757 1405 992 1489 beneplacitum
1007 1404 1069 1470 sibi
1082 1405 1255 1490 provisum.
1280 1408 1384 1487 Quare

216 1521 246 1572 15
266 1530 357 1576 suurn
379 1508 656 1575 contradictorium
680 1506 853 1575 concedere
869 1511 1013 1572 sanctum
1036 1511 1099 1573 cst:
1122 1508 1302 1573 Romanum
1323 1509 1383 1573 Im·

265 1611 388 1697 perium
408 1609 451 1675 ad
480 1611 528 1675 sui
556 1609 798 1695 perfectionem,
827 1608 1050 1673 miraculorum
1078 1608 1230 1690 suffragio
1257 1615 1307 1676 est
1329 1609 1383 1675 ad·

261 1713 380 1797 jutum,
405 1730 479 1794 ergo
502 1713 606 1779 nDeo
629 1710 776 1793 volitum,
801 1714 833 1777 et
854 1730 912 1795 per
934 1728 1145 1794 consequens,
1169 1710 1209 1776 de
1228 1711 1304 1796 jure
1326 1711 1385 1778 fuit

266 1819 298 1880 et
320 1820 377 1880 est.

350 1915 443 1995 Quod
464 1919 586 1999 autem,
608 1935 666 1998 pro
681 1916 824 1980 Romano
846 1912 984 1998 Imperio
998 1911 1207 1997 perficiendo,
1230 1914 1386 1982 mhacula

216 2031 249 2081 ac
266 2017 354 2084 Deus
376 2016 585 2102 portenderit,
608 2016 778 2082 illustrium
800 2021 963 2083 auctorum
985 2016 1174 2083 testimoniis
1196 2018 1383 2102 comproba-

265 2124 323 2184 tur.
367 2119 451 2184 Nam
478 2119 536 2184 sub
558 2120 664 2184 Numa
684 2119 857 2203 Pompilio,
887 2118 1025 2185 secundo
1055 2117 1268 2183 Romanorum
1299 2138 1384 2202 rege,

266 2220 327 2285 ritu
356 2220 529 2287 Gentilium
558 2219 764 2303 sacrificante,
792 2220 894 2286 ancile
927 2218 968 2285 de
997 2219 1087 2286 coelo
1116 2219 1149 2283 in
1177 2219 1290 2286 urbem
1314 2221 1386 2286 Deo

312 2374 322 2405 ⁵
339 2375 468 2425 statutum
491 2387 541 2440 pro
565 2372 715 2424 insederam
734 2369 797 2438 legi·
934 2370 968 2423 H.
987 2370 1018 2424 L.
1036 2368 1107 2435 Quia
1123 2385 1202 2424 snum

334 2460 380 2511 tur
397 2455 469 2524 apud
487 2455 649 2524 Aquinatem
878 2458 900 2489 ¹⁵
913 2455 946 2508 F.
965 2455 995 2508 P.
1020 2484 1053 2494 -
1077 2453 1110 2507 V.
1136 2454 1320 2509 concederunt
1342 2471 1387 2510 sa·

311 2542 375 2595 7Μ.
394 2540 488 2612 Moysi
918 2556 993 2595 crunt
1011 2539 1090 2592 -H.
1108 2539 1140 2594 L.
1160 2539 1308 2595 concedere
1323 2539 1385 2610 fcl-

311 2627 321 2660 ⁸
338 2625 368 2680 L.
388 2625 426 2679 M.
445 2625 474 2679 P.
493 2624 525 2678 V.
544 2654 578 2664 -—
595 2625 628 2677 H.
648 2624 748 2693 cinifes
765 2655 799 2662 -
918 2641 977 2678 srrrn
990 2654 1018 2662 ψ
1030 2625 1062 2677 Α.
1081 2624 1118 2677 Μ.
1138 2639 1214 2677 cunc.
1231 2623 1340 2693 sactum
1353 2655 1387 2664 —

334 2711 366 2764 F.
384 2710 492 2780 synises
508 2740 543 2749 --
566 2710 599 2763 A.
621 2710 745 2764 sinistros
765 2739 801 2750 —-
918 2709 1029 2763 Ficinus
1057 2724 1132 2763 conc.
1161 2708 1262 2763 licitum
1289 2707 1386 2777 legisse

335 2795 405 2849 Edd.
424 2793 555 2866 cyniphes
920 2794 1025 2848 videtur
1042 2824 1076 2835 -
1093 2793 1162 2848 Edd.
1179 2808 1255 2850 cunc.
1274 2795 1362 2848 uisum

297 2884 319 2916 ¹⁰
335 2881 372 2935 M.
390 2879 424 2935 Si
440 2896 503 2934 cerc
881 2881 903 2913 ¹⁷
919 2879 952 2933 ln
970 2879 1029 2933 cod.
1047 2879 1080 2932 Η.
1100 2877 1174 2933 deest
1190 2878 1248 2949 fnit
1264 2909 1299 2918 -
1316 2878 1385 2933 Edd.

298 2967 318 2999 ¹³
330 2965 506 3038 protenditur
529 2965 630 3018 hahent
648 2963 755 3019 codices
775 2969 801 3018 et
919 2969 987 3017 antt.
1003 2963 1037 3033 fit

336 3049 458 3104 Turrius.
477 3049 530 3105 Sed
534 3049 718 3120 portenditur,
729 3049 802 3118 quod
879 3049 903 3082 ²⁰
920 3049 952 3102 A.
971 3048 1002 3102 P.
1020 3047 1052 3101 V.
1079 3053 1107 3102 et
1132 3047 1191 3103 edd.
1215 3053 1283 3102 antt.
1302 3077 1335 3088 -
1352 3047 1384 3101 F.
1459 3118 1462 3121 Δ

335 3134 434 3203 legitur
461 3135 489 3188 in
517 3134 590 3189 editt.
623 3141 688 3189 antt.
716 3133 800 3202 magis
914 3141 1024 3205 partem
1041 3132 1146 3187 dederit
1159 3131 1309 3200 —Rehqui
1318 3148 1387 3203 prc-

336 3220 438 3289 placet‚
470 3235 552 3287 quum
578 3219 650 3275 Deos
681 3220 802 3289 auspicia
920 3217 1036 3272 tenderet
1412 3287 1414 3290 Ι

335 3305 377 3359 vel
402 3304 512 3359 oracula
538 3304 720 3376 portendere,
746 3320 801 3358 non
879 3304 910 3368 ²²,
923 3304 946 3336 ²³
962 3304 995 3356 A.
1018 3301 1051 3356 H.
1075 3302 1108 3355 L.
1129 3301 1159 3356 P.
1182 3301 1215 3355 V.
1234 3302 1311 3356 -hl
1330 3300 1387 3357 Dec

336 3389 497 3459 protendere
515 3389 636 3444 dicamus
920 3387 1025 3442 nolente
1050 3418 1084 3426 -
1109 3385 1194 3441 Editt.
1218 3403 1237 3440 a
1259 3385 1318 3442 lleo
1336 3387 1388 3442 ele-

298 3475 319 3506 ¹⁴
336 3475 369 3527 A.
394 3491 412 3527 n
435 3474 493 3528 Ileo
516 3478 654 3544 tamqnam
678 3474 802 3544 henepl·
920 3477 991 3526 ctam

338 3560 391 3612 cito
409 3558 462 3613 sihi
486 3588 520 3598 -
544 3559 576 3612 F.
598 3559 702 3614 addens
723 3560 802 3614 bene·

333 3643 467 3715 placitum
484 3645 524 3700 cic

339 3763 350 3794 ⁷
366 3761 483 3816 Exores
503 3767 525 3816 8.
547 3779 569 3815 v.
583 3765 690 3816 12-14.
708 3760 849 3827 „Extende
866 3761 967 3842 virgam
984 3765 1060 3815 tuam
1077 3766 1104 3815 et
1121 3764 1233 3829 percute
1250 3759 1389 3830 puluerem

272 3834 375 3895 terrae,
393 3835 421 3885 et
439 3830 492 3884 sint
509 3829 644 3898 sciniphes
662 3830 706 3894 (al.
726 3828 891 3897 ‚‚ciniphes“)
909 3845 937 3882 rn
954 3830 1079 3884 universa
1096 3835 1170 3883 terra
1187 3827 1331 3899 Aegypti.“

272 3899 416 3953 ⁹Exoncs
433 3897 450 3951 l.
470 3915 493 3953 c.
512 3915 536 3951 v.
559 3904 596 3952 15.
691 3899 711 3930 ¹⁴
730 3896 769 3951 Ol.
788 3900 929 3952 Aucroars
952 3897 1038 3966 Epist.
1066 3897 1101 3951 ad
1118 3897 1205 3965 Reges
1214 3901 1245 4018 3.
1265 3900 1288 3950 8.
1309 3896 1389 3962 ,Sia

291 3967 358 4020 rima
375 3966 458 4036 hujus
481 3965 549 4034 ignis
573 3964 665 4020 favilla
689 3965 854 4033 revolvamus
876 3967 1038 4035 praeterita,
1062 3980 1096 4020 ex
1114 3981 1166 4034 quo
1184 3979 1213 4018 sc

271 3983 441 4104 incitantes
466 4049 483 4087 a
504 4033 654 4103 Phrygibus
677 4034 821 4101 denegata,
851 4037 878 4087 et
899 4049 984 4102 usque
1008 4033 1044 4087 ad
1066 4032 1208 4088 Octaviani
1236 4032 1389 4104 triumphos

271 4109 346 4171 gesta
363 4103 478 4157 revisere
494 4110 582 4169 vacet,
607 4102 736 4156 nonnulla
760 4117 851 4156 eorum
873 4101 1021 4156 videbimus
1045 4100 1311 4156 humanaevirtutis
1333 4116 1388 4157 om·

271 4169 335 4225 nino
353 4171 469 4224 culmina
486 4169 698 4235 transcendisse,
716 4176 744 4226 et
753 4169 840 4224 Deum
858 4184 907 4238 per
923 4169 1058 4236 homines,
1077 4174 1213 4240 amquam
1231 4184 1280 4239 per
1299 4168 1390 4226 coelos

271 4253 368 4303 novos,
386 4237 487 4308 aliquid
505 4243 629 4306 opertum
646 4239 756 4293 fuisse.“

1216 3964 1289 4018 nen
1307 3939 1387 4034 lega
