2940 5040
351 329 487 386 DANTIS
506 330 722 385 MONARCHIA
739 330 760 384 l.
781 331 809 386 G.
832 335 868 385 16.
887 335 949 397 (18).
1168 327 1207 390 33

94 500 245 566 mundum
270 499 410 583 undique
437 502 535 570 fuisse
562 504 711 585 quietum.
756 502 797 566 Et
825 500 911 583 quod
938 506 1013 566 tuno
1039 502 1210 568 humanum

92 621 192 684 genus
229 602 324 670 fuerit
354 603 432 670 felix
464 604 497 668 in
529 605 618 689 pacis
650 604 838 672 universalis
870 602 1115 687 tranquillitate,
1149 602 1211 670 hoo

92 704 338 789 historiographi
361 726 479 789 omnes,
502 707 562 799 hoo
584 712 699 791 poetae
724 707 873 788 illustret,
896 704 957 771 hoc
979 705 1075 770 etiam
1098 705 1210 771 Scriba
1230 715 1261 766 10
1340 763 1343 769 .

91 806 344 874 mansuetudinis
360 807 476 872 Christi
498 809 609 875 testari
631 807 779 889 dignatus
802 811 859 889 est,
883 811 915 872 et
929 803 1067 887 denique
1082 809 1210 893 Paulus,

90 906 341 993 „plenitudinem
362 909 534 994 temporis“
555 915 672 975 statum
686 909 777 974 illum
791 906 1008 974 felicissimum
1024 910 1209 994 appellavit.

90 1010 172 1076 Vere
188 1016 314 1093 tempus
329 1014 362 1076 et
376 1012 566 1094 temporalia
581 1031 726 1093 quaeque
740 1011 836 1097 plena
849 1008 983 1092 luerunt,
1000 1011 1075 1091 quia
1088 1012 1210 1077 nullum

90 1116 217 1177 nostrae
255 1111 417 1199 felicitatis
456 1113 663 1179 ministerium
696 1112 839 1177 ministro
881 1110 1017 1178 vacavit.
1067 1113 1211 1192 Qualiter

89 1217 195 1279 autem
228 1232 263 1278 se
292 1213 439 1280 habuerit
467 1215 568 1298 orbis,
603 1235 643 1280 ex
677 1235 738 1296 quo
772 1214 879 1279 tunica
911 1213 974 1279 ista
1002 1213 1208 1297 inconsutilis,
1230 1226 1260 1276 15

89 1313 274 1399 cupiditatis
303 1333 407 1397 ungue
437 1316 606 1381 scissuram
633 1317 778 1401 primitus
810 1335 906 1400 passa
936 1322 999 1399 est,
1039 1320 1070 1382 et
1103 1316 1210 1397 legere

91 1435 268 1501 possumus,
291 1423 324 1483 et
338 1417 459 1482 utinam
473 1438 536 1485 non
552 1417 670 1484 videre.
715 1417 742 1485 Ο
759 1435 858 1498 genus
874 1417 1060 1482 humanum!
1084 1417 1210 1498 quantis
1264 1461 1267 1473 ·

89 1517 239 1602 procellis
251 1522 348 1600 atque
362 1518 501 1602 iacturis,
518 1519 707 1600 quantisque
719 1518 892 1601 naufragiis
903 1518 1018 1600 agitari
1033 1525 1065 1585 te
1080 1538 1211 1586 necesse

89 1623 145 1701 est,
170 1618 246 1684 dum
267 1620 376 1685 bellua
398 1621 567 1687 multorum
583 1620 724 1704 capitum
736 1620 863 1704 factum,
885 1622 919 1684 in
934 1621 1062 1685 diversa
1077 1620 1209 1686 conaris.

88 1721 255 1789 intellectu
278 1727 426 1804 aegrotas
448 1728 596 1806 utroque,
627 1722 772 1789 similiter
801 1729 832 1790 et
855 1723 987 1790 affectu:
1020 1721 1209 1787 Rationibus
1227 1735 1259 1784 20

89 1822 364 1906 irrefragabilibus
397 1823 594 1890 intellectum
628 1824 877 1908 superiorem
916 1843 979 1889 non
1013 1844 1118 1907 curas3
1153 1844 1211 1891 neo

90 1925 307 2010 experientiae
330 1926 420 1989 vultu
441 1925 690 2010 inferiorem,
719 1925 777 1991 sed
799 1945 858 1991 neo
886 1925 1077 1991 affectum
1105 1926 1209 1992 duloe-

90 2026 164 2093 dine
188 2026 317 2092 divinae
340 2026 505 2107 suasionis,
530 2046 625 2108 quum
646 2047 704 2110 per
725 2027 835 2090 tubam
859 2026 967 2092 Sancti
990 2027 1126 2110 Spiritus
1151 2026 1210 2091 tibi

90 2126 230 2195 affletur:
258 2128 362 2213 „Ecce
391 2147 486 2208 quam
515 2129 632 2195 bonum
661 2133 693 2194 et
723 2148 818 2209 quam
846 2127 1031 2211 iucundum,
1064 2128 1210 2195 habitare

89 2229 201 2296 fratres
223 2229 257 2295 in
279 2229 405 2296 unum.“
1229 2243 1260 2294 ts

132 2400 143 2432 ⁸
160 2399 192 2454 F.
211 2398 339 2452 mundum
357 2398 451 2468 utique
468 2399 552 2461 fuisse
707 2399 725 2428 '⁷
742 2397 779 2450 M.
799 2402 826 2450 et
842 2397 945 2450 utinam
963 2412 1018 2450 oon
1036 2395 1153 2449 viderem

128 2484 189 2537 ⁰1..
208 2484 245 2536 M.
264 2515 296 2521 —
317 2483 350 2534 A.
374 2484 402 2536 in
421 2498 492 2553 pace
515 2481 625 2536 huruilis
703 2483 727 2515 2⁰
744 2485 777 2534 A.
802 2481 955 2552 aeprotaris
977 2510 1011 2521 -
1040 2480 1071 2533 L.
1096 2484 1123 2534 et
1150 2478 1210 2534 edd.

159 2575 267 2638 tranqu.
293 2599 327 2606 -
349 2567 381 2620 F.
400 2566 433 2618 H.
447 2567 480 2621 V.
506 2568 534 2620 ia
554 2582 626 2638 poce
743 2571 855 2620 recentt.
873 2570 1021 2635 aeqrotuns

141 2653 233 2707 'utilis
252 2657 361 2722 tranqu.
380 2682 413 2690 -
432 2651 463 2706 P.
481 2652 530 2706 sab
547 2652 626 2722 pacis
703 2651 726 2683 ²⁴
744 2649 775 2702 F.
794 2680 828 2687 —
845 2649 878 2702 A.
897 2650 931 2702 H.
949 2650 980 2703 L.
998 2650 1029 2704 P.
1048 2649 1080 2702 V.
1099 2648 1211 2718 effletur

157 2737 232 2790 utilis
250 2742 359 2807 tranqu.
744 2766 778 2773 -
795 2734 832 2786 M.
852 2733 957 2803 affatur

121 2823 142 2855 ¹⁰
159 2821 228 2875 Edd.
247 2820 299 2877 boc
316 2826 341 2875 et
365 2821 454 2875 scriba
472 2853 506 2860 -
523 2821 554 2874 L.
573 2819 625 2876 boc
703 2820 726 2853 ²⁵
743 2819 808 2874 Cod.
831 2818 897 2873 Ven.
922 2818 1014 2872 adiicit
1030 2819 1059 2872 in
1081 2819 1134 2873 fine
1154 2819 1212 2875 Ex·

158 2907 248 2961 scribo
740 2905 822 2976 plioit
840 2902 906 2958 liber
910 2904 1028 2975 primus,
1038 2905 1134 2974 incipit
1144 2905 1212 2959 liber

118 2991 140 3024 ¹²
156 2991 188 3044 L.
207 3020 240 3031 -
259 2990 304 3044 alii
326 2990 432 3044 inverso
459 2988 552 3044 ordine
576 3006 625 3061 ap·
744 2989 918 3044 searodos-
932 2988 988 3042 Fel.
1002 2987 1128 3055 Explicit
1145 2988 1212 3044 liber

153 3075 270 3147 pelluvit
285 3075 470 3144 felicissimam
741 3075 851 3145 primus
868 3072 1023 3127 monarchia
1042 3073 1212 3128 11111111εαίᾰὶ-

118 3160 139 3193 ¹⁴
157 3160 188 3213 F.
206 3159 240 3213 H.
258 3159 289 3213 P.
308 3160 341 3212 V.
362 3189 392 3200 -
417 3159 450 3212 A.
474 3159 625 3214 ministram
743 3160 815 3229 perii
830 3159 863 3213 de
874 3159 1013 3228 florencia.
1048 3157 1151 3230 Inoqiit
1167 3175 1212 3214 se-

157 3275 191 3284 -
208 3244 240 3298 L.
258 3244 292 3297 Μ.
312 3245 468 3314 mysterium
745 3243 850 3296 candus
867 3243 935 3297 liber
945 3273 980 3281 —
997 3243 1077 3313 Apud
1094 3244 1212 3312 reliquos

175 3331 213 3384 M.
232 3329 380 3383 ministerio
744 3327 810 3380 nihil
828 3327 931 3382 horum.

119 3418 140 3450 ¹⁶
158 3415 190 3468 F.
210 3415 302 3468 tunica
318 3418 358 3467 est
373 3413 474 3466 incoas.
490 3412 626 3484 cupiditas

160 3551 170 3584 ⁸
187 3550 329 3604 Aocrorus
348 3547 503 3603 Conuiuium
519 3547 565 3600 IV.
584 3552 608 3601 5.
644 3547 800 3613 „Nellasaa
817 3553 915 3601 serrato
929 3547 975 3602 nei
989 3546 1088 3601 mondo
1106 3564 1212 3602 noneo-

91 3619 207 3673 lamente
224 3617 245 3671 il
261 3618 344 3682 ciclo,
376 3633 420 3670 oro
438 3616 465 3670 la
483 3623 557 3669 terro
574 3617 720 3671 convenius
745 3630 832 3669 essere
856 3616 884 3668 ia
908 3616 1002 3669 ottimo
1020 3616 1210 3686 disposizione,

91 3687 152 3741 ela
183 3687 277 3740 oitimo
301 3685 484 3755 dispositione
508 3682 579 3737 dello
601 3685 707 3739 terrai
743 3682 877 3737 suadella
895 3684 908 3737 ὲ
925 3701 942 3737 a
960 3682 1130 3749 Monarcbio,
1154 3685 1212 3739 oioe

92 3760 161 3809 tutto
184 3772 202 3808 α
225 3770 280 3807 retro
305 3752 462 3822 Priaomef‘
544 3753 564 3784 ¹¹
582 3751 690 3806 Eunus.
739 3767 810 3805 noun
836 3755 859 3804 2.
885 3769 908 3804 v.
931 3756 951 3804 l.
1029 3752 1048 3784 '²
1066 3751 1153 3820 Epist.
1176 3750 1211 3804 ad

91 3821 223 3876 uminis
242 3827 258 3875 -l
276 3839 300 3877 v.
319 3826 344 3876 4.
380 3821 434 3887 „ht
451 3819 498 3873 ubi
514 3818 587 3872 venit
609 3819 747 3888 plenitudo
767 3819 902 3887 temporis,
926 3818 998 3872 misit
1016 3819 1089 3873 Deus
1113 3819 1211 3873 Filium

92 3902 178 3957 suum,
197 3890 300 3944 lactum
313 3905 346 3944 ex
358 3889 476 3953 muliere,
487 3887 590 3942 factum
602 3888 652 3942 sub
663 3889 747 3956 lege.“
766 3886 800 3940 cl.
813 3886 848 3940 ad
860 3886 884 3939 Ε
894 3886 946 3957 ph.
961 3891 983 3939 l.
993 3904 1016 3940 v.
1030 3893 1068 3941 10.
1124 3890 1145 3920 ¹⁵
1162 3887 1211 3943 Er.

92 3959 227 4014 lonsmus
248 3962 285 4011 19.
304 3975 328 4011 v.
344 3961 384 4011 hl.
456 3956 594 4010 ἩΡ1111111.
619 3955 808 4021 1311011101.
830 3959 937 4018 13311.
961 3959 981 4007 1.

559 4232 760 4240 ...ρ-*-
