2940 5040
355 319 490 375 DANTIS
507 319 725 375 MOMARCHIA
741 321 789 375 III.
808 320 835 375 C.
855 326 879 378 8.
1116 321 1172 381 111

56 494 168 576 ligare.
213 492 306 558 Unde
328 491 479 575 inferunt,
509 492 728 559 auctoritatem
757 498 789 558 et
814 492 942 560 deoreta
963 493 1091 577 Mpen'i
1113 494 1173 560 sol·
1195 500 1225 551 15

56 616 132 663 vere
155 598 187 662 et
209 593 309 675 ligare
330 593 434 678 ipsum
455 613 559 678 posse.

141 695 296 762 Minorem
318 694 475 778 concedo,
507 694 661 778 majorem
684 716 759 762 vero
788 716 851 762 non
872 694 940 761 sine
964 694 1174 762 distinetione.

56 800 99 866 Et
127 798 202 864 ideo
232 796 318 879 dico,
348 796 433 877 quod
461 796 521 863 hoc
549 797 674 878 signum
702 798 882 864 universale
910 795 1060 880 „Omne“,
1090 795 1177 878 quod

56 900 230 967 includitur
250 899 283 963 in
301 897 570 982 „quodoumque“,
593 919 764 980 numquam
779 898 940 965 distribuit
962 904 1054 965 extra
1074 897 1174 963 ambi·

56 1009 124 1069 tum
146 1000 273 1068 termini
296 999 465 1066 distributi.
502 1001 586 1065 Nam
608 1001 635 1065 si
658 1000 744 1067 dico:
766 1000 867 1068 Omne
889 1000 1040 1065 animal
1063 999 1172 1082 eur1it;
1192 1010 1224 1059 20

58 1125 169 1172 omne
198 1102 358 1168 distribuit
385 1123 443 1186 pro
476 1103 561 1168 omni
590 1124 643 1186 eo,
681 1103 766 1185 quod
795 1104 852 1169 sub
886 1121 1000 1184 genere
1028 1100 1174 1166 animalis

57 1203 343 1291 comprehenditur.
396 1203 429 1270 si
459 1225 533 1270 vero
563 1203 649 1271 dioo:
683 1204 793 1272 Omnis
822 1206 934 1271 homo
965 1202 1072 1285 currit;
1101 1206 1176 1268 tuno

56 1309 182 1391 signum
211 1306 391 1372 universale
419 1326 481 1371 non
511 1304 685 1391 distribuit,
718 1307 780 1372 nisi
807 1326 864 1390 pro
887 1304 1059 1390 suppositis
1079 1303 1175 1387 hujus

56 1409 197 1476 termini:
220 1409 324 1473 homo.
362 1407 403 1470 Et
424 1427 520 1488 quum
536 1408 622 1475 dico:
645 1408 756 1476 Omnis
778 1407 1078 1491 grammaticus,
1101 1410 1176 1471 tuno

56 1510 237 1578 distributio
259 1508 362 1589 magis
388 1514 572 1575 coaretatur.
1193 1521 1224 1569 25

142 1613 277 1695 Propter
292 1609 378 1691 quod
393 1630 518 1695 semper
533 1610 705 1678 videndum
721 1616 778 1694 est,
795 1610 872 1692 quid
887 1618 935 1677 est
950 1610 1035 1691 quod
1051 1610 1175 1693 signum

55 1714 236 1782 universale
251 1713 349 1780 habet
364 1713 570 1780 distribuere:
594 1733 655 1795 quo
678 1712 757 1796 viso,
780 1712 874 1778 faoile
891 1712 1059 1797 apparebit
1077 1731 1173 1793 quan-

56 1824 125 1883 tum
147 1835 205 1881 sna
228 1813 409 1884 distributio
433 1815 598 1898 dilatetur,
629 1815 756 1897 cognita
783 1818 896 1878 natura
918 1821 950 1879 et
971 1814 1093 1879 ambitu
1115 1819 1174 1879 ter-

56 1918 135 1983 mini
150 1915 318 1982 distributi.
357 1916 450 1983 Unde
467 1937 561 1998 quum
579 1916 701 1999 dieitur,
724 1914 971 1999 „Quodcumque
987 1914 1173 1997 ligaveris“;

56 2020 84 2086 si
106 2018 168 2085 hoo
189 2017 451 2102 „quodoumque“
474 2023 649 2085 sumeretur
670 2018 825 2098 absolute,
849 2037 959 2082 vemm
982 2020 1066 2082 esset
1088 2015 1225 2097 quodue

57 2121 174 2203 dieunt,
197 2123 229 2184 et
250 2139 313 2184 non
335 2120 437 2184 solum
459 2120 519 2186 hoc
540 2121 644 2186 faeere
667 2122 790 2204 posset,
821 2117 895 2200 quin
925 2117 1021 2184 etiam
1050 2118 1175 2184 solvere

56 2240 231 2287 uxorema
254 2221 336 2303 viro,
362 2228 393 2287 et
415 2221 514 2302 ligare
536 2221 640 2307 ipsam
663 2219 770 2302 alteri,
799 2218 926 2286 virente
948 2218 1051 2303 primo
1058 2268 1066 2301 ,
1091 2218 1176 2300 quod

55 2321 262 2389 nullomodo
285 2327 398 2407 potest.
443 2324 556 2389 Posset
578 2322 675 2389 etiam
697 2321 821 2388 solvere
849 2340 900 2385 me
927 2339 991 2385 non
1012 2319 1173 2404 poeniten-

56 2430 137 2508 tem,
161 2423 247 2506 quod
268 2425 365 2490 etiam
386 2425 490 2491 tbcere
513 2424 583 2508 ipse
605 2424 693 2490 Deus
714 2444 777 2489 non
799 2427 914 2507 posset.

142 2525 246 2606 Quum
268 2544 344 2607 ergo
367 2526 412 2590 ita
434 2527 491 2610 sit,
520 2526 723 2592 manifestum
745 2529 808 2608 est,
838 2523 924 2604 quod
945 2545 1007 2591 non
1028 2523 1174 2589 absolute
1193 2539 1224 2590 35

56 2628 211 2695 sumenda
233 2631 283 2692 est
304 2627 362 2692 illa
385 2627 576 2711 distributio,
600 2628 657 2693 sed
671 2626 847 2712 respective
862 2626 904 2690 ad
927 2625 1057 2707 aliquid.
1091 2623 1176 2705 Quid

57 2735 164 2796 autem
186 2728 244 2793 illa
266 2730 431 2813 respiciat,
456 2729 533 2795 satis
555 2735 604 2795 est
626 2728 766 2812 evidens,
791 2728 988 2796 considerato
1010 2727 1067 2793 illo
1091 2725 1176 2808 quod

87 2882 109 2914 ¹³
125 2881 157 2933 A.
177 2881 326 2935 includitur
344 2881 371 2933 in
390 2895 559 2949 quocumque
711 2879 786 2933 hibet
802 2879 847 2943 V.)
869 2878 1057 2948 quodcumque
1083 2907 1117 2917 -
1143 2877 1175 2930 L.

142 2965 173 3018 F.
192 2966 223 3020 P.
243 2967 276 3020 V.
298 2971 324 3020 et
341 2965 416 3019 editt.
443 2963 591 3019 anteriores
710 2965 736 3018 si
753 2964 821 3018 illud
838 2964 935 3033 quode.
954 2994 988 3000 -—
1011 2963 1044 3016 H.
1063 2964 1088 3017 si
1104 2963 1177 3017 i'stud

125 3056 206 3105 extra
224 3048 342 3105 debiturn
362 3051 471 3104 termini
712 3049 807 3117 quode.
825 3079 858 3088 -
876 3048 913 3104 M.
932 3049 957 3102 si
973 3048 1012 3103 ibi
1028 3047 1124 3117 quode.

82 3137 104 3172 ²¹
122 3135 153 3189 P.
172 3136 221 3190 snb
238 3152 337 3206 qenere
354 3134 458 3189 arrinrai
480 3165 499 3173 -
521 3134 589 3188 Edd.
671 3133 694 3165 ³³
710 3133 745 3185 H.
767 3135 875 3204 primo,
902 3141 974 3188 certe
1001 3132 1076 3202 qnod
1100 3131 1176 3187 nulio

124 3221 194 3273 male
211 3221 260 3275 snb
278 3237 338 3291 pen.
357 3220 471 3275 unimoi'
708 3217 787 3272 modo

82 3306 107 3339 2²
124 3305 156 3357 F.
175 3305 205 3358 P.
224 3304 425 3376 comprehendit
669 3302 692 3336 ³³
709 3301 739 3357 P.
758 3319 800 3355 ine
816 3303 920 3356 solvere
938 3303 1136 3372 impendentem

83 3391 107 3424 ²³
124 3390 158 3442 A.
176 3390 214 3443 M.
233 3389 375 3443 videndum
394 3397 445 3454 est,
473 3388 540 3457 qnid
556 3388 591 3441 si·
671 3388 694 3420 ³³
711 3388 744 3440 A.
764 3388 927 3457 quinetiam
945 3386 1041 3455 faeere

125 3491 209 3547 qinein
227 3506 260 3514 —
277 3475 308 3528 F.
327 3475 378 3529 oid.
398 3482 445 3539 est,
466 3473 540 3542 qnod
556 3473 592 3526 si·
668 3473 692 3506 33
709 3472 741 3524 F.
760 3488 815 3526 non
833 3472 871 3526 ita
888 3471 1009 3526 absolute

124 3560 298 3630 unum-L.
318 3560 363 3614 oid
388 3567 427 3613 est
445 3556 593 3629 quodquod
668 3559 692 3592 33
712 3560 744 3612 A.
762 3558 793 3611 F.
813 3557 844 3610 L.
862 3556 900 3610 M.
924 3555 1004 3620 Quod
1020 3561 1110 3610 autern
1128 3555 1175 3609 illa
1246 3580 1252 3593 =

124 3646 195 3715 ripn.
223 3674 251 3682 -
282 3644 311 3697 P.
331 3644 383 3698 vid.
403 3650 443 3696 est
461 3642 535 3712 qnod
551 3647 591 3695 est
669 3643 692 3676 ³⁷
709 3643 742 3694 A.
760 3643 793 3696 V.
813 3640 982 3697 considerato
1001 3640 1070 3694 iliud
1096 3671 1119 3680 —
1141 3639 1173 3693 F.

127 3728 201 3799 quod
217 3733 287 3799 ripn.
709 3728 741 3781 L.
760 3727 791 3781 P.
811 3725 992 3781 consideratio
1010 3724 1121 3779 illnd—
1135 3723 1173 3778 M.

84 3814 115 3879 ²³,
136 3815 159 3846 ³⁰
182 3815 214 3866 A.
233 3813 265 3866 F.
284 3813 314 3866 P.
338 3815 364 3867 si
388 3813 414 3866 li.
433 3811 460 3873 (i.
480 3825 502 3864 e.
521 3810 590 3881 liqn·
710 3812 907 3867 considerando
924 3810 993 3866 illud

124 3899 195 3951 veris
221 3897 292 3966 quod
317 3897 404 3965 plenis
430 3895 514 3950 literis
544 3910 589 3949 ex·

127 4017 150 4049 ³²¹
169 4015 208 4070 cf.
227 4016 367 4069 Ancnorns
385 4014 523 4068 Internum
540 4014 648 4068 XXVII.
669 4020 725 4070 trs.

312 4100 437 4154 Assolver
458 4115 511 4152 non
530 4100 555 4153 si
565 4103 639 4170 pud.
659 4097 773 4154 chinon
791 4101 924 4170 sipente,
1032 4098 1035 4105 '

380 4167 421 4221 Ab
433 4175 548 4238 perdere
565 4184 579 4220 e
596 4168 686 4221 volere
703 4169 812 4221 insieme
824 4170 935 4238 perorsi,

378 4235 433 4289 Per·
452 4235 478 4288 la
496 4235 684 4290 contradizion
703 4234 751 4290 obe
769 4236 816 4290 nol
832 4243 965 4292 censente.
