2940 5040
334 319 469 376 DANTIS
487 321 706 376 MONARCHIA
723 321 743 374 l.
762 321 791 377 C.
813 326 850 376 14.
869 326 930 401 (216).
1151 321 1191 384 29

68 490 162 557 aliter
185 490 404 577 Garamantes,
428 493 482 575 qui
503 494 562 559 sub
585 493 811 574 aequinoctiali
833 494 1025 580 habitantes,
1048 502 1080 563 et
1102 517 1191 567 coae-

68 597 200 674 quatam
228 613 353 679 semper
375 596 479 662 lucem
508 593 654 660 diurnam
675 596 777 661 noctis
799 596 939 662 tenebris
962 597 1127 681 babentes,
1151 599 1191 666 ob

65 699 175 761 aestus
222 696 305 761 atris
344 696 541 763 nimietatem
574 697 771 764 vestimentis
803 698 921 782 operiri
952 719 1017 766 non
1048 706 1189 782 possunt.
1235 750 1237 756 .

66 795 133 863 Sed
154 797 202 863 sic
222 797 465 880 intelligendum
488 803 545 882 est,
568 805 602 863 ut
623 799 795 864 humanum
816 818 917 881 genus
939 799 1112 866 secundum
1132 820 1190 867 sua
1208 805 1239 856 3⁵

65 899 262 983 communia,
298 920 380 983 quae
414 900 561 966 omnibus
594 905 792 986 competunt,
830 901 871 966 ab
905 922 944 969 eo
979 907 1123 985 regatur,
1157 909 1190 969 et

64 1001 224 1067 communi
239 1003 352 1083 regula
365 1003 558 1083 gnbemetur
573 1001 615 1067 ad
626 1022 749 1085 pacem.
780 1004 883 1082 Quam
895 1003 1025 1086 quidem
1035 1006 1188 1090 regulam,

63 1102 133 1168 sive
163 1103 284 1187 legem,
317 1103 527 1188 particulares
560 1104 720 1189 principes
752 1105 794 1170 ab
824 1125 861 1170 eo
889 1105 1031 1191 recipere
1061 1105 1188 1191 debent,

62 1208 227 1286 tamquam
260 1205 440 1271 intellectus
468 1205 625 1291 practicus
654 1203 697 1269 ad
725 1206 960 1277 conclusionem
989 1207 1188 1290 operativam

63 1305 177 1392 recipit
204 1308 357 1374 maiorem
384 1306 634 1393 propositionem
662 1307 704 1372 ab
731 1306 896 1374 intellectu
918 1308 1132 1393 speculativo,
1155 1315 1188 1376 et
1205 1313 1238 1363 40

60 1407 121 1473 sub
149 1408 208 1473 illa
235 1408 475 1494 particularem,
509 1428 591 1491 quae
621 1410 750 1494 proprie
779 1429 837 1474 sua
870 1416 933 1494 est,
967 1408 1121 1495 adsumit,
1156 1415 1188 1479 et

63 1507 296 1592 particulariter
324 1511 367 1576 ad
395 1510 611 1595 operationem
634 1511 802 1579 concludit.
846 1512 887 1576 Et
908 1513 971 1578 hoc
999 1532 1061 1577 non
1083 1513 1187 1578 solum

63 1609 267 1694 possibile
289 1617 338 1678 est
359 1611 430 1696 uni,
454 1612 511 1679 sed
533 1633 700 1681 necesse
722 1621 770 1682 est
792 1614 833 1680 ab
856 1635 918 1682 uno
940 1613 1129 1699 procedere,
1152 1620 1188 1679 ut

62 1711 165 1777 omnis
194 1712 336 1780 confusio
366 1714 406 1780 de
433 1713 599 1799 principiis
632 1716 866 1782 universalibus
898 1716 1065 1784 auferatur.
1117 1716 1187 1784 Hoc

62 1807 161 1880 etiam
182 1815 301 1880 factum
315 1815 412 1882 fuisse
427 1837 485 1900 per
499 1816 612 1901 ipsum,
634 1817 705 1899 ipse
720 1818 850 1902 Moyses
864 1818 898 1882 in
914 1819 986 1898 lege
1002 1818 1185 1885 conscribit:
1204 1822 1237 1872 4⁵

61 1915 116 1997 qui
144 1916 324 2001 adsumptis
357 1918 546 2002 primatibus
579 1918 620 1985 de
648 1919 793 1986 tribubus
821 1918 959 1985 filiorum
990 1920 1090 1987 lsrael
1097 1970 1105 2003 ,
1139 1920 1186 1986 eis

59 2015 211 2085 inferiora
238 2018 357 2085 iudicia
385 2019 599 2103 relinquebat,
628 2020 793 2105 superiora
820 2025 852 2088 et
880 2020 1095 2087 communiora
1124 2021 1187 2087 sibi

62 2119 123 2185 soli
146 2140 323 2206 reservans,
347 2121 462 2205 quibus
484 2121 749 2187 communioribus
772 2123 942 2188 utebantur
963 2121 1114 2207 primates
1129 2143 1186 2206 per

59 2222 161 2288 tribus
183 2243 274 2308 suas,
297 2224 471 2290 secundum
494 2222 580 2305 quod
600 2223 769 2306 unicuique
791 2224 888 2290 tribui
910 2223 1120 2307 competebat.

144 2323 229 2407 Ergo
258 2324 372 2391 melius
395 2331 444 2393 est
465 2327 637 2392 humanum
659 2344 758 2407 genus
780 2346 836 2412 per
858 2344 955 2390 unum
977 2325 1060 2409 regi,
1088 2345 1183 2408 quam
1201 2330 1234 2380 5⁰

60 2445 118 2509 per
138 2425 246 2511 plura,
276 2432 309 2494 et
330 2427 377 2493 sic
404 2449 462 2512 per
483 2428 703 2511 Monarcham,
734 2428 787 2509 qui
809 2427 919 2493 unicus
947 2432 995 2494 est
1017 2428 1181 2513 princeps;

59 2534 93 2594 et
120 2529 149 2594 si
176 2529 305 2613 melius,
334 2529 405 2595 Deo
433 2529 677 2615 acceptabilius,
708 2548 805 2610 quunr
834 2530 923 2595 Deus
950 2549 1078 2613 semper
1106 2529 1184 2596 velit

85 2696 108 2729 ³⁴
126 2695 194 2750 Edd.
212 2701 325 2752 recentt.
343 2698 493 2752 vestimenti
674 2698 697 2730 ⁴⁷
714 2697 753 2750 M.
771 2698 881 2752 corioro
897 2697 950 2752 sibi
965 2697 1018 2751 sot·

87 2781 110 2814 ³⁸
126 2781 158 2834 F.
178 2781 209 2834 V.
228 2782 352 2854 requiam
369 2784 425 2837 sice
442 2784 515 2855 leqes
672 2783 695 2814 ⁴⁸
712 2782 750 2838 M.
770 2783 922 2837 carioribus
938 2782 1085 2836 utebantur

85 2865 108 2898 ⁴¹
127 2866 158 2918 F.
182 2865 221 2920 M.
246 2871 274 2920 ct
304 2866 362 2920 edd.
390 2874 445 2922 ant.
469 2869 519 2924 sub
548 2868 594 2922 illo
672 2867 697 2899 ⁴⁹
714 2867 745 2919 F.
763 2865 797 2919 H.
815 2867 852 2920 M.
870 2867 900 2920 P.
919 2867 951 2921 V.
966 2883 1021 2938 per
1039 2867 1124 2921 tribus
1140 2883 1181 2921 se-

121 2951 320 3022 perticalorem
715 2951 833 3005 condam

143 3035 177 3088 A.
195 3050 247 3089 saa
264 3044 303 3090 est
314 3039 434 3108 proprio
730 3035 799 3089 Edd.
817 3037 868 3089 urai
884 3035 968 3090 tribui

86 3121 109 3154 ⁴⁴
125 3122 159 3174 A.
179 3120 218 3173 M.
236 3135 303 3174 vers.
322 3121 411 3176 Ficini
428 3151 461 3160 -
478 3121 511 3174 H.
521 3121 554 3174 L.
563 3120 593 3174 Ρ.
672 3121 695 3154 ⁵¹
712 3120 817 3175 Vellem
835 3137 916 3190 quam
929 3138 983 3193 per
995 3122 1093 3193 plures

127 3205 160 3260 V.
183 3211 210 3259 et
233 3203 292 3259 edd.
316 3206 350 3260 de
374 3208 464 3277 princ.
483 3205 595 3261 utilibus
730 3204 762 3260 F.
776 3205 928 3276 perplura
945 3205 1124 3262 Monarobam
1228 3254 1231 3259 ,

126 3291 218 3362 aufe.
245 3321 279 3330 -
307 3292 339 3345 F.
379 3291 413 3346 de
447 3291 596 3362 principiis
672 3290 695 3323 ⁵²
711 3289 797 3342 Editt.
815 3295 841 3343 et
856 3291 1180 3363 ciomeliusacceptatili-

126 3375 275 3446 aufertur
713 3392 799 3445 usque
826 3383 866 3430 cst
888 3374 945 3430 Deo
969 3377 1064 3431 -sie
1087 3375 1182 3432 melius

85 3460 109 3494 ⁴³
125 3458 195 3514 Edd.
213 3459 275 3516 Hoc
293 3461 442 3531 etfaciam
712 3460 814 3514 habent
835 3466 862 3515 et
878 3461 910 3514 F.
929 3464 957 3514 et
974 3458 1061 3514 Ficin.

142 3545 175 3601 F.
191 3545 297 3615 factam
311 3561 365 3617 per
381 3546 470 3617 iprum

84 3630 109 3664 ⁴⁰
125 3630 158 3684 F.
176 3629 211 3685 de
228 3630 299 3684 tribu
318 3629 438 3698 filiorum
457 3659 488 3670 -
505 3629 543 3684 M.
562 3629 593 3684 P.

126 3714 160 3769 dc
178 3715 264 3770 tribas
277 3713 318 3783 fil.

127 3851 150 3883 ⁴¹
168 3849 345 3904 Particularia
363 3850 526 3918 propositio,
552 3849 667 3905 alterum
684 3850 832 3974 slssogismi
849 3851 1010 3917 membrum,
1034 3849 1106 3920 quod
1123 3866 1180 3906 ma·

58 3917 109 3973 iori
124 3916 304 3988 propositioni
320 3918 474 3983 subiicitur,
498 3935 552 3973 non
571 3924 612 3973 est
627 3918 693 3974 intel
721 3925 780 3974 ctus
798 3918 971 3989 speculativi,
995 3917 1042 3973 sed
1058 3918 1180 3988 practici,

59 3985 94 4041 ad
128 4001 191 4040 nem
207 3987 273 4052 sola,
291 3985 368 4055 quasi
386 3986 409 4040 ei
427 3987 550 4056 propria,
569 3990 690 4057 spectat,
733 4003 797 4041 uum
832 4003 862 4041 er
879 3986 1077 4042 conclusionem
1095 3987 1130 4042 ad
1151 3987 1179 4044 id

58 4003 639 4124 tendatntadoperationemperveniatnr.·
687 4058 711 4088 ⁴⁵
757 4071 797 4109 xo
825 4059 889 4108 .1a.
904 4072 930 4136 y.
952 4060 1058 4110 17—26.
1093 4055 1179 4112 Den-

58 4126 228 4178 teronom.
260 4129 282 4176 1.
304 4140 329 4177 v.
350 4128 457 4176 10-1a.
527 4125 550 4157 ⁴⁷
567 4123 608 4177 Ea
631 4123 735 4178 scilicet
766 4139 836 4192 quae
865 4138 990 4178 universo
1019 4123 1180 4181 Iudaeorum

56 4190 159 4259 populo
177 4195 255 4245 erant
272 4190 430 4245 communia.
500 4192 525 4224 ⁴⁹
542 4191 618 4246 Sicut
644 4206 727 4273 supra
744 4190 823 4258 dixit,
848 4191 1027 4262 particulares
1044 4191 1179 4262 principes

57 4273 227 4314 communem
259 4259 379 4328 regulam
406 4275 423 4313 a
452 4258 602 4316 Monarcba
629 4274 749 4329 recipere
780 4258 883 4315 debere.
