2940 5040
282 324 322 386 66
578 281 713 381 DANTiS
730 325 949 381 MONARCHIA
966 326 998 380 Π.
1018 327 1047 381 O.
1066 332 1090 382 8.

230 517 262 570 ab
282 499 393 585 adjuta
413 504 528 584 potest.
573 497 732 581 Scriptum
754 505 802 564 est
824 498 907 565 enim
930 498 978 563 ad
1000 499 1223 566 Hebraeos:
1257 502 1396 587 „impos-

280 602 374 668 sibile
396 606 445 667 est
467 601 534 665 sine
555 599 619 666 fide
639 600 767 686 placere
790 599 891 667 Deo.“
930 600 972 664 Et
993 601 1026 665 in
1047 601 1251 668 Levitico:
1274 603 1397 687 „Homo

281 704 416 786 quilibet
439 703 478 768 de
501 701 596 768 domo
618 701 728 785 Israel,
753 702 806 784 qui
829 701 980 768 occiderit
994 702 1119 786 bovem,
1142 707 1197 767 aut
1220 724 1323 789 ovem,
1346 712 1399 771 aut

281 825 409 888 capram
430 804 463 868 in
485 803 596 869 castris
611 804 663 871 vel
687 808 778 870 extra
793 808 904 886 castra,
927 808 961 870 ¹et
981 825 1044 871 non
1059 805 1209 871 obtulerit
1223 806 1268 872 ad
1285 807 1398 873 ostium

279 905 475 973 tabernaculi
497 904 693 971 oblationem
708 905 854 989 Domino,
876 906 1040 988 sanguinis
1062 925 1135 972 reus
1150 906 1240 971 erit.“
1274 907 1399 975 Ostium

230 1025 262 1076 30
280 1007 476 1091 tabernaculi
491 1005 650 1072 Christum
671 1005 794 1089 figurat,
818 1007 872 1090 qui
887 1011 936 1072 est
950 1007 1066 1072 ostium
1081 1007 1243 1074 conclavis
1265 1010 1398 1094 aeterni,

279 1117 314 1177 ut
336 1131 377 1176 ex
394 1107 570 1188 Evangelio
594 1107 668 1173 elici
688 1114 809 1192 potest:
832 1108 948 1176 occisio
969 1109 1171 1192 animalium,
1194 1110 1399 1192 operationes

280 1213 443 1278 humanas.

365 1311 575 1379 Occultum
603 1331 678 1377 vero
708 1316 757 1376 est
781 1311 936 1395 judicium
966 1312 1044 1396 Dei,
1074 1310 1117 1375 ad
1146 1309 1232 1392 quod
1260 1311 1400 1376 humana

280 1415 376 1496 ratio,
406 1433 464 1478 nec
485 1412 558 1495 lege
579 1417 726 1496 natmae,
756 1433 815 1480 nec
836 1415 909 1498 lege
932 1414 1122 1497 scripturae,
1151 1412 1210 1479 sed
1232 1413 1273 1479 dc
1296 1414 1401 1496 gratia

229 1535 261 1585 35
281 1514 415 1602 speciali
437 1513 626 1595 quandoque
647 1513 812 1596 pertingit,
836 1514 922 1595 quod
943 1514 979 1579 lit
992 1516 1136 1600 pluribus
1158 1515 1277 1581 modis:
1303 1535 1395 1597 quan-

281 1617 387 1699 doque
408 1614 545 1700 simplici
567 1613 776 1699 revelatione,
810 1615 1000 1699 quandoque
1022 1616 1218 1684 revelatione
1240 1616 1397 1700 discepta-

280 1719 366 1786 tione
383 1715 521 1799 quadam
533 1715 702 1781 mediante.
731 1716 916 1801 Simplici
938 1718 1198 1785 revelatione
1213 1716 1398 1803 dupliciter:

307 1887 330 1919 ²⁵
347 1886 380 1940 V.
398 1885 498 1939 adacta
510 1888 604 1954 potest
893 1885 922 1948 ³³,
940 1882 961 1916 ³⁴
979 1885 1022 1938 Ita
1039 1884 1222 1939 consentiente
1231 1884 1328 1940 Ficino
1343 1901 1399 1939 om·

306 1972 331 2005 ²⁶
348 1971 379 2024 F.
398 1970 428 2023 P.
447 1968 485 2023 Et
501 1970 581 2022 etiam
598 1966 716 2022 Leuitico
733 1998 765 2007 —
778 1968 810 2022 lt.
930 1985 978 2023 nes
985 1968 1127 2033 (CodexM.
1135 1970 1234 2023 omittit
1241 1969 1398 2041 quodetjde)

347 2055 385 2109 M.
405 2053 497 2108 Etiam
516 2053 636 2106 Levitico
929 2085 962 2092 —
979 2053 1066 2108 Editi:
1092 2054 1125 2108 ab
1142 2053 1263 2110 bumana
1280 2057 1393 2121 ratione,

305 2140 329 2173 ²⁹
347 2140 427 2194 oblat.
446 2137 523 2192 Dom.
549 2153 646 2208 tanqu.
672 2154 735 2191 reus
751 2139 811 2192 crit.
930 2154 1000 2208 quae
1026 2155 1076 2193 aec
1102 2138 1161 2210 lece
1187 2145 1319 2205 naticae,
1350 2155 1396 2194 aec

349 2223 451 2280 Ostiam
469 2223 570 2277 tabern.
594 2222 672 2276 abest
695 2237 712 2274 a
729 2222 761 2274 F.
779 2222 810 2274 P.
931 2222 989 2294 lepe
1005 2224 1109 2294 scrqrta
1125 2224 1162 2278 ad
1178 2241 1240 2280 cum
1253 2225 1397 2296 pertinpit,

306 2311 329 2344 ³⁰
346 2309 378 2362 F.
398 2309 494 2362 ostiam
518 2313 544 2361 et
561 2307 645 2362 clavis
669 2338 698 2346 —
724 2306 811 2360 Ficin.
929 2307 978 2360 sed
994 2307 1027 2360 de
1044 2309 1135 2378 pratia

348 2394 370 2448 il
386 2392 466 2464 quale
483 2392 497 2444 ἑ
515 2391 531 2444 l·
549 2392 624 2444 asoto
642 2407 656 2444 e
675 2391 702 2444 la
720 2390 813 2444 abinoe
890 2392 913 2425 ³⁵
930 2392 968 2445 M.
988 2393 1121 2463 coatinqit

346 2478 418 2533 dello
436 2481 527 2532 elerico
544 2491 638 2547 reposo.

249 2594 253 2599 ⁴
347 2616 370 2647 ²⁵
387 2613 477 2667 Pnunr
495 2611 581 2679 Epist.
608 2610 643 2664 ad
660 2610 742 2665 chr.
761 2615 784 2663 2.
803 2628 826 2664 v.
847 2615 870 2664 6.
907 2611 947 2665 cf.
974 2627 1042 2679 quae
1063 2613 1096 2667 de
1119 2612 1212 2667 eadem
1238 2612 1396 2682 quaestione

279 2683 401 2752 disputat
416 2682 534 2734 Anonos
551 2679 579 2732 in
596 2677 693 2732 Parad.
712 2678 785 2731 XIX.
805 2684 845 2733 70.

483 2805 489 2816 .
509 2805 515 2816 .
536 2804 541 2815 .
561 2764 602 2818 Tu
620 2765 718 2819 dicavi.-
742 2763 780 2818 Ua
798 2780 860 2818 com
878 2780 959 2818 nosce
975 2764 1031 2819 alla
1047 2767 1107 2820 riva

550 2832 620 2887 Deli
636 2832 723 2896 Irrdo,
740 2848 755 2885 e
773 2833 848 2901 quivi
863 2848 918 2885 noro
936 2833 949 2885 ὲ
966 2831 1012 2887 cdi
1027 2834 1138 2904 ropioor'

549 2901 586 2955 lb·
604 2900 702 2966 cristo,
721 2900 754 2952 ni
771 2899 816 2954 obi
831 2899 926 2971 loppa,
945 2901 977 2955 ab
995 2899 1040 2955 obi
1055 2902 1159 2965 serium

482 2992 509 3046 Ε
525 2994 589 3046 torti
605 2994 616 3046 a·
630 2993 693 3046 suoi
708 2992 793 3046 colera·
810 2993 844 3047 ed
860 2995 912 3047 atti
928 2993 1012 3047 buoni

551 3060 639 3126 Sono,
658 3066 760 3130 quanto
777 3062 892 3132 raqloae
909 3062 1103 3127 emanaveris,
1196 3058 1201 3066 ¹

550 3127 641 3192 Seaza
656 3135 769 3200 peccato
787 3130 816 3182 ia
833 3131 888 3183 cita
907 3145 922 3182 o
940 3131 968 3183 ln
985 3131 1109 3184 vermem.

479 3221 558 3276 More
575 3238 631 3276 noo
648 3222 801 3276 bottezzalo
819 3239 834 3276 e
850 3238 934 3276 serora
950 3221 1015 3291 fede
1024 3241 1036 3284 ;

552 3288 596 3345 Ου’
614 3291 627 3345 ὲ
666 3296 742 3344 uesta
759 3292 888 3361 plustizia
906 3288 955 3344 aba
972 3289 994 3343 il
1009 3289 1177 3359 coadunasti

552 3356 596 3413 Ου’
614 3358 628 3412 ὲ
645 3307 672 3413 io
690 3359 770 3429 calpa
787 3374 852 3420 sua,
870 3373 899 3411 se
915 3359 943 3411 ei
958 3374 1013 3411 non
1032 3358 1127 3411 crede?

486 3451 523 3508 Or
541 3457 569 3504 tu
588 3449 633 3506 cdi
648 3453 701 3516 sei,
719 3448 768 3506 obe
785 3451 849 3505 suoi
864 3450 957 3505 sedere
974 3468 991 3505 α
1007 3466 1140 3517 suanno,

549 3518 604 3574 Per
620 3519 748 3590 qiadicar
764 3519 800 3573 da
817 3518 896 3591 luoqr'
910 3519 982 3573 mille
999 3519 1104 3589 miqlz'a,

551 3587 604 3642 Con
622 3589 650 3642 la
667 3587 765 3641 cedato
783 3592 859 3641 corta
877 3586 958 3640 duna
974 3587 1101 3657 sparena?
1136 3614 1141 3622 ·

482 3679 560 3734 Certo
578 3672 597 3733 a
613 3678 684 3734 colui
703 3677 751 3733 cde
768 3695 842 3733 meso
859 3680 880 3733 s‘
899 3678 1062 3748 assottipbrr,

548 3747 585 3802 Se
603 3746 629 3800 lo
646 3749 776 3826 sortitura
793 3763 877 3817 sopra
895 3749 940 3801 coi
955 3763 1010 3826 ooo
1021 3747 1117 3867 fosse,

548 3815 591 3870 Da
610 3814 719 3870 duorlar
735 3817 848 3871 sarebbe
864 3833 882 3868 a
899 3830 1018 3884 merovrp
1031 3831 1066 3868 ra.

346 3917 368 3950 ²⁰
384 3916 432 3970 111.
450 3917 539 3970 Mons.
554 3921 592 3969 ll.
612 3933 635 3969 v.
646 3921 669 3980 3,
689 3921 713 3969 l.
774 3917 795 3948 ³¹
813 3915 1046 3970 Embolonsnn.
1059 3920 1098 3969 lo.
1117 3932 1141 3968 v.
1153 3920 1177 3980 l,
1196 3919 1220 3969 9.
1278 3917 1302 3950 ³²
1320 3916 1395 3983 „Nos

277 3984 415 4041 moraliter
437 3984 571 4038 offerimus
589 3985 714 4050 vitulum,
740 4000 821 4052 quum
843 3983 931 4038 carnis
950 3984 1101 4052 superbiam
1124 3983 1268 4053 vincimus;
1287 3999 1395 4053 agnum,

278 4069 359 4123 quum
376 4053 545 4107 irrationales
569 4056 657 4106 motus
683 4052 848 4121 corrigimus3
873 4050 1003 4110 haedum.
1027 4068 1108 4120 quum
1125 4051 1262 4107 lasciviam
1280 4068 1394 4122 supera·

276 4138 350 4183 mus;
378 4121 540 4187 columbam,
560 4119 623 4174 dum
641 4120 774 4189 simplices
792 4135 895 4186 sumus;
923 4122 1066 4185 turturem,
1086 4119 1148 4173 dum
1166 4120 1320 4175 castitatem
1337 4136 1392 4176 ser·

276 4205 382 4258 vamus3
402 4205 485 4259 panes
503 4204 621 4258 azymos,
641 4205 721 4256 quum
738 4205 793 4242 non
817 4189 844 4242 in
867 4187 998 4242 fermento
1016 4187 1146 4254 malitiae,
1170 4187 1217 4242 sed
1239 4189 1268 4244 in
1291 4188 1393 4260 azymis

276 4257 440 4313 sinceritatis
458 4262 485 4312 et
502 4256 622 4310 veritatis
641 4258 808 4325 epulamur.“
843 4255 998 4322 (lsrnonvs.)
