2940 5040
449 317 583 374 DANTIS
601 317 819 373 MONARCHIA
836 319 871 371 11.
891 333 914 372 c.
934 322 956 372 3.
976 324 999 372 t.
1239 316 1279 375 47

163 487 362 571 Secunda,
392 489 478 556 Dido
507 489 581 573 fuit,
613 490 724 572 regina
753 494 784 558 et
806 495 908 557 mater
931 489 1226 572 Carthaginensium
1247 491 1280 557 in

159 590 313 673 Africa3
338 595 370 656 et
393 590 479 673 quod
500 592 595 658 tuerit
617 592 748 676 conjux,
772 591 857 659 idem
878 598 986 659 noster
1004 593 1107 660 Poeta
1129 591 1330 659 vaticinam

159 692 264 758 turin
287 698 416 776 quart03
439 693 542 774 inquit
564 694 648 760 enim
670 693 710 760 dc
732 694 874 762 Didone:

362 826 420 881 Nee
436 827 493 895 jam
509 824 637 880 furtivum
655 827 724 882 Dido
742 827 886 882 meditatur
904 841 1033 893 amorem,

364 912 525 981 conjugium
542 918 633 975 vocat;
652 912 704 968 hoc
720 912 854 981 praetexit
870 912 978 967 nominc
995 912 1109 981 culpam.

159 1035 315 1117 Tertia,
349 1033 485 1098 Lavinia
517 1034 591 1118 fuit,
630 1033 827 1098 Albanorum
859 1034 1134 1115 Romanorumque
1168 1039 1278 1117 mater,

158 1138 244 1218 regis
265 1136 372 1201 Latini
393 1134 461 1200 filia
483 1136 603 1221 pariter
624 1141 657 1201 et
679 1136 786 1218 heres3
810 1134 838 1200 si
860 1154 969 1201 verum
992 1140 1041 1201 est
1062 1135 1278 1201 testimonium
1298 1142 1329 1192 ⁸5

158 1240 258 1306 nostri
272 1239 400 1303 Poetae
422 1237 455 1300 in
469 1236 592 1319 ultimo,
615 1236 670 1302 ubi
686 1237 827 1300 Turnum
845 1237 963 1302 victum
985 1236 1165 1320 introducit,
1189 1257 1277 1303 oran-

157 1347 221 1407 tem
244 1338 430 1423 suppliciter
453 1338 495 1404 ad
516 1341 659 1406 Aeneam
681 1337 741 1404 sic:

395 1514 401 1526 .
438 1512 443 1523 .
482 1515 487 1525 .
523 1472 631 1541 Vicisti;
650 1479 678 1525 et
694 1472 795 1526 victum
811 1470 921 1525 tendere
938 1471 1042 1540 palmas

394 1557 509 1611 Ausonii
526 1557 623 1611 videre.
660 1555 720 1609 Tua
737 1561 779 1610 est
795 1555 909 1611 Lavinia
927 1557 1034 1626 conjnx.

156 1675 245 1754 Quae
273 1675 386 1742 ultima
413 1697 493 1744 uxor
521 1677 561 1744 de
590 1676 685 1742 Italia
712 1676 786 1760 t'uit,
815 1676 998 1760 Europae
1025 1677 1156 1759 regione
1185 1677 1273 1744 nobi·
1293 1687 1326 1737 99

155 1775 286 1842 lissima.

239 1880 300 1944 His
321 1879 429 1961 itaque
451 1879 494 1944 ad
517 1878 710 1946 evidentiam
726 1878 974 1964 subadsumptae
989 1881 1200 1965 praenotatis,
1225 1882 1275 1948 cui

155 2001 217 2048 non
240 1980 319 2047 satis
341 2000 527 2066 persuasum
550 1986 607 2065 est,
630 1979 766 2047 Romani
787 1980 897 2064 populi
916 1986 1048 2065 patrem,
1071 1987 1104 2047 et
1125 2002 1182 2067 per
1204 2003 1274 2049 con-

155 2101 292 2163 sequens
314 2081 418 2168 ipsum
433 2084 602 2168 populum,
625 2080 856 2148 nobilissimum
877 2081 976 2148 fuisse
994 2082 1053 2147 sub
1076 2085 1188 2151 coelo?
1211 2085 1276 2150 Aut

156 2203 249 2266 quem
282 2185 315 2249 in
344 2185 401 2251 illo
424 2184 544 2270 duplici
573 2203 724 2251 concursu
752 2183 914 2264 sanguinis
947 2203 967 2248 a
995 2183 1138 2264 qualibet
1166 2185 1324 2251 mundius

154 2289 245 2370 parte
268 2284 301 2349 in
324 2305 419 2351 unum
442 2285 559 2369 virum,
582 2284 833 2370 praedestinatio
855 2283 965 2350 divina
986 2285 1122 2351 latebit?

612 2475 734 2550 [annun
755 2475 810 2549 rv.]

238 2607 323 2673 Illud
353 2627 494 2691 quoque,
529 2606 616 2689 quod
644 2607 687 2672 ad
715 2607 763 2672 sui
797 2609 1022 2692 perfectionem
1051 2608 1273 2675 miraculorum

154 2708 306 2790 suffragio
326 2709 473 2794 juvatur,
497 2714 546 2777 est
567 2729 588 2774 a
609 2709 679 2775 Deo
702 2709 850 2793 volitum,
881 2715 913 2777 et
934 2730 991 2793 per
1014 2728 1209 2791 consequens
1232 2710 1272 2778 de

150 2809 222 2893 jure
250 2810 294 2876 fit.
345 2811 388 2875 Et
415 2809 501 2894 quod
529 2811 591 2875 ista
619 2810 682 2875 sint
710 2831 802 2894 vera,
835 2816 939 2897 patet,
969 2811 1057 2894 quia,
1087 2810 1169 2876 sicut
1196 2810 1272 2878 dicit

153 2912 326 2978 Thomas
349 2911 382 2979 in
397 2916 489 2981 tertio
506 2932 563 2979 suo
586 2917 696 2979 contra
711 2912 867 2980 Gentiles:
890 2911 1097 2996 „Miraculum
1112 2919 1169 2998 est,
1186 2912 1271 2995 quod

176 3079 199 3120 ⁷⁹
215 3078 253 3132 M.
272 3079 304 3131 V.
322 3079 380 3150 fuit
399 3077 469 3132 Dido
740 3079 805 3148 Gap.
822 3079 869 3134 IV.
908 3081 915 3112 ¹
933 3079 964 3132 P.
983 3078 1061 3133 Illud
1077 3079 1152 3150 qood
1174 3079 1212 3133 ad
1228 3080 1273 3133 sui

178 3163 201 3196 ⁸⁸
217 3163 255 3217 M.
274 3163 307 3217 V.
334 3194 369 3204 -
395 3163 427 3217 L.
445 3156 538 3217 noscet
555 3170 629 3218 vates
652 3193 685 3204 -
805 3196 839 3203 —
857 3164 889 3218 Η.
909 3163 982 3218 Illud
999 3181 1107 3234 qaoque
1124 3165 1162 3218 ad
1177 3166 1223 3218 sut

219 3247 325 3316 Reliqui
345 3247 472 3302 omittunt
484 3257 570 3318 poeta
780 3249 791 3282 ⁸
808 3248 841 3302 H.
861 3265 921 3304 curn
939 3267 957 3303 α
974 3249 1032 3304 neo
1050 3250 1160 3305 volitum

177 3332 199 3366 ⁸⁷
217 3333 249 3386 L.
267 3332 428 3403 simpliciter
445 3362 478 3369 —
493 3331 527 3386 H.
545 3333 669 3388 similiter
779 3334 799 3400 ²,
818 3334 829 3367 ³
846 3334 876 3387 P.
890 3351 945 3405 per
962 3350 1036 3388 cons.
1055 3352 1072 3388 a
1089 3333 1148 3388 [leo
1163 3333 1198 3403 fit

178 3417 200 3450 ⁸⁸
218 3417 249 3471 L.
268 3417 382 3472 reddere
393 3416 506 3488 palinus
780 3417 790 3450 ³
808 3418 839 3471 F.
862 3419 913 3473 istu
930 3420 965 3473 sit
983 3436 1048 3474 vera
1063 3449 1098 3459 -
1114 3418 1148 3472 H.
1167 3418 1198 3472 L.
1217 3420 1269 3473 aito

177 3501 201 3535 ⁸⁰
217 3501 249 3555 F.
266 3516 320 3555 non
337 3501 420 3556 habet
438 3501 568 3574 Europae
803 3505 839 3557 sit
856 3511 956 3558 tratura

179 3585 202 3619 ⁸⁸
219 3585 273 3640 Pro
292 3585 339 3641 illo
356 3586 389 3640 F.
417 3586 525 3643 exhibet
546 3588 683 3642 adbrevia-
824 3587 856 3641 F.
875 3588 906 3641 P.
923 3593 1000 3660 patet
1016 3589 1071 3644 sic:

216 3670 316 3725 tionem
334 3685 401 3740 quae
419 3671 512 3742 aliquo
534 3671 684 3741 significare
820 3673 851 3727 F.
871 3675 941 3729 sicut
959 3671 1075 3728 Thomas

216 3755 329 3810 ridetur.

219 3891 629 3947 ⁸⁰Vmc1n.Acneis1V.tll.
726 3892 749 3926 ⁸⁸
766 3892 833 3948 Ibid.
853 3894 913 3946 Xll.
931 3899 989 3948 936.
1086 3893 1109 3927 ⁸⁸
1126 3894 1266 3949 hucnoars

147 3958 237 4029 Epist.
256 3959 290 4014 ad
308 3959 396 4028 Reges
416 3965 438 4026 ξ.
459 3966 482 4014 l.
519 3960 623 4026 „Deum
647 3959 798 4016 Romanurn
816 3961 968 4031 Principem
991 3961 1207 4031 praedestinasse
1223 3977 1266 4019 ra·

147 4027 218 4083 lucet
234 4027 264 4082 in
281 4027 355 4084 miris
371 4028 539 4084 effectibus.“

213 4094 286 4164 (lap.
304 4095 356 4152 IV.
399 4097 551 4152 4Τ99999
574 4098 730 4160 Aonmnnrs
754 4096 863 4151 Summa
882 4100 976 4152 contra
993 4096 1114 4152 Gentiles
1137 4096 1185 4153 111.
1209 4102 1262 4152 101.

145 4162 237 4229 ,Haec
255 4179 324 4234 quae
341 4169 450 4234 praeter
473 4165 593 4220 ordinem
612 4165 787 4220 communiter
810 4164 839 4219 in
856 4165 936 4220 rebus
957 4171 1088 4220 sulatum
1106 4166 1266 4236 quandoque

144 4205 270 4287 divinitus
287 4232 369 4298 fiunt,
388 4235 517 4288 miracula
535 4233 588 4288 dici
605 4234 718 4290 solent.“
814 4236 823 4245 ”
1359 4239 1362 4244 ’
