2940 5040
360 327 495 383 oannis
514 327 740 384 monacorum
758 329 792 383 11.
810 347 832 385 ο.
852 334 875 384 a.
1080 286 1089 299 ⁵
1135 328 1175 389 45

61 499 237 566 andiendus
259 506 308 567 est
329 502 430 567 Poeta
457 506 579 584 noster,
608 501 810 568 introducens
838 503 871 568 in
898 503 1000 586 primo
1022 504 1177 571 Ilioneum

61 608 201 669 orantem
223 602 282 668 sic:

267 734 327 790 Rex
344 742 403 791 erat
420 735 527 790 Aeneas
544 737 637 802 nobis,
655 754 708 806 quo
723 738 825 807 justior
842 738 910 793 alter

262 819 320 875 Nec
338 820 438 889 pietate
454 820 519 888 fuit,
539 837 588 876 nec
606 823 676 877 bello
694 823 781 892 major
798 829 825 876 et
842 823 931 878 armis.
1196 832 1227 882 35

59 941 245 1009 Audiendus
267 947 317 1008 est
337 941 423 1007 idem
445 941 478 1006 in
500 948 608 1025 sexto,
640 944 694 1025 qui
722 964 818 1026 quum
847 943 887 1010 de
909 945 1030 1011 Miseno
1053 951 1176 1011 mortuo

61 1045 258 1126 loqueretur,
289 1043 343 1125 qui
370 1043 473 1108 iuerat
501 1044 647 1111 Hectoris
676 1046 819 1112 minister
846 1045 879 1110 in
907 1046 1009 1128 bello,
1045 1053 1077 1111 et
1104 1052 1177 1129 post

59 1151 193 1212 mortem
215 1145 377 1227 Hectoris,
400 1147 529 1212 Aeneae
551 1147 728 1212 ministrum
750 1168 785 1214 se
808 1147 950 1231 dederat,
974 1147 1052 1214 dicit
1072 1148 1176 1233 ipsum

59 1246 214 1313 Misenum
242 1269 324 1331 „non
353 1247 502 1313 inferiora
535 1249 733 1332 sequutum,“
762 1250 1030 1333 comparationem
1058 1250 1177 1317 faciens

59 1348 99 1414 de
113 1349 225 1414 Aenea
239 1349 283 1414 ad
303 1349 482 1432 Hectorem,
506 1369 600 1430 quem
615 1371 692 1435 prae
707 1352 852 1417 omnibus
873 1353 1067 1418 Homerus
1082 1352 1175 1433 glori-
1194 1362 1227 1412 40

58 1448 147 1532 licat,
170 1456 205 1514 ut
226 1451 323 1517 refert
343 1451 558 1536 Philosophus
579 1452 613 1517 in
635 1453 689 1535 iis,
720 1473 801 1534 quae
829 1453 870 1519 de
896 1454 1035 1520 moribus
1056 1454 1176 1536 fugien-

58 1550 109 1616 dis
130 1550 173 1616 ad
195 1552 432 1620 Nicomachum.

142 1654 302 1734 Quantum
323 1674 399 1722 vero
423 1655 466 1721 ad
491 1656 799 1739 hereditariam,
830 1658 994 1738 quaelibet
1020 1678 1095 1743 pars
1124 1659 1176 1724 tri-

59 1755 168 1840 partiti
197 1757 282 1823 orbis
310 1762 376 1821 tam
399 1757 484 1840 avis,
520 1777 617 1840 quam
646 1758 834 1841 conjugibus
862 1759 952 1824 illum
991 1762 1178 1829 nobilitasse

56 1857 224 1925 invenitur.
1196 1874 1228 1925 45

141 1962 226 2026 Nam
248 1961 344 2025 Asia
365 1961 643 2046 propinquioribus
664 1962 768 2044 avis,
797 1968 831 2026 ut
860 1962 1017 2028 Assaraco
1046 1970 1078 2028 et
1104 1965 1177 2029 aliis

60 2063 113 2144 qui
127 2062 303 2148 Phrygiam
317 2069 537 2145 regnaverunt,
553 2063 650 2129 Asiae
666 2063 836 2145 regionem,
860 2062 943 2129 unde
958 2070 1057 2146 poeta
1071 2071 1178 2132 noster

58 2165 91 2229 in
111 2165 221 2231 tertio:

262 2281 409 2350 Postquam
427 2298 469 2337 res
487 2282 582 2346 Asiae,
599 2281 751 2349 Priamique
769 2287 887 2336 evertere
903 2290 1008 2351 gentem
1105 2340 1114 2359 .

261 2367 424 2422 Immeritam
441 2367 529 2421 visum
545 2366 664 2435 Superis.
1197 2389 1229 2438 50

60 2484 218 2571 Hnropa
240 2507 316 2553 vero
339 2507 400 2553 avo
422 2487 658 2569 antiquissimo,
688 2487 808 2554 scilicet
834 2487 993 2555 Dardano.
1039 2491 1178 2558 Africa

62 2605 185 2671 quoquc
208 2588 283 2653 avia
297 2589 525 2673 vetustissima,
549 2590 675 2657 Electra
697 2591 833 2672 scilicet,
856 2597 933 2655 nata
948 2593 1055 2675 magni
1077 2594 1176 2659 nomi-

86 2791 109 2824 ³³
126 2789 156 2842 P.
178 2787 313 2844 Ilioneum
330 2788 484 2844 hortantem
671 2793 694 2825 ⁴³
711 2791 743 2845 F.
762 2791 903 2847 adnovam
920 2791 1019 2847 lineam
1027 2809 1177 2862 recurrens,

86 2875 108 2908 ³⁰
126 2875 159 2929 H.
186 2873 325 2929 Videndus
712 2877 808 2946 capitis
823 2877 931 2931 initium
939 2877 1059 2932 indicare
1074 2879 1180 2935 videtur

86 2961 108 2992 ⁴¹
124 2958 281 3029 sopiendis,
309 2959 380 3028 quod
403 2975 494 3014 omnes
519 2962 593 3016 exhi·
671 2962 695 2994 ⁴⁰
713 2960 744 3014 F.
759 2963 946 3032 propinquior
963 2965 1021 3017 atris

126 3045 205 3110 beat,
223 3049 324 3098 temere
340 3045 369 3098 in
381 3045 519 3116 [inpendia
535 3064 593 3101 mu·
670 3047 693 3078 ⁴⁷
711 3045 994 3116 Edd.,refragantibns
1008 3049 1085 3104 libris
1096 3064 1177 3105 manu

127 3127 195 3183 tavit
223 3128 349 3196 Turrius,
385 3130 414 3184 in
442 3131 594 3202 fnnpendts
712 3131 837 3198 exaratis,
857 3133 884 3185 tn
903 3129 1027 3204 Pbrppia

127 3213 380 3269 veroFraticellins.
407 3215 533 3270 Temere:
552 3232 595 3272 re·
731 3215 801 3269 Edd.
820 3217 931 3287 repionc

128 3300 202 3368 spice
220 3299 291 3354 enim
300 3299 389 3370 prima
400 3301 508 3370 septimi
515 3302 595 3356 Ethi-
673 3300 696 3332 ⁴⁹
714 3301 746 3354 Α.
765 3299 798 3354 F.
817 3301 849 3354 P.
869 3299 902 3354 V.
920 3317 974 3356 rex
991 3301 1071 3356 Asiae

129 3401 175 3442 ces
198 3384 302 3439 Nicom.
320 3384 383 3439 libri
405 3387 496 3453 verba,
527 3402 596 3455 qnae
674 3385 698 3418 ⁵⁰
714 3384 747 3438 F.
774 3383 942 3440 immeritum
969 3417 1002 3426 —
1034 3387 1066 3441 L.
1093 3386 1178 3442 Innu-

128 3486 234 3526 versum
263 3469 436 3526 Homericum
462 3486 480 3525 a
505 3471 595 3526 Philo·
716 3485 816 3522 nnernm

129 3555 215 3626 sopho
224 3555 340 3609 relatum
354 3554 505 3610 immediate
516 3571 594 3625 prae·
674 3555 696 3588 ⁵¹
714 3553 757 3607 lta
783 3559 916 3623 quotquot
942 3555 1108 3624 inspeximus
1134 3571 1178 3611 co·

131 3640 242 3695 cedunt:
261 3639 358 3707 „Circa
374 3655 462 3695 mores
479 3641 595 3712 sapten-
714 3638 787 3693 dices
806 3643 833 3693 et
850 3639 909 3694 edd.
929 3643 997 3709 ant.;
1016 3641 1179 3696 recentiores

131 3726 227 3781 doram
246 3728 302 3779 tres
321 3730 384 3778 sunt
402 3724 519 3794 species:
538 3741 595 3780 ma·
715 3727 841 3780 omittunt
865 3742 927 3791 noo,
949 3731 976 3780 et
993 3725 1094 3782 Fratic.
1116 3743 1181 3783 acro

129 3809 201 3876 litia,
229 3809 423 3865 incontinentia
447 3815 474 3865 et
494 3811 594 3865 bestia·
674 3811 698 3844 ⁵²
714 3811 746 3864 A.
764 3810 796 3863 F.
814 3816 841 3865 et
859 3811 888 3864 V.
908 3811 1008 3881 Africa
1032 3822 1094 3866 nero
1119 3813 1180 3866 ania

129 3896 218 3950 litas.“

131 4049 155 4082 ³²
171 4047 282 4102 Vmsm.
300 4047 399 4102 Aeneis
416 4047 438 4100 1.
458 4052 516 4102 alt.
604 4049 628 4082 ³⁶
645 4048 713 4102 Ibid.
733 4048 778 4102 ul.
803 4054 858 4103 170.
946 4049 970 4081 ⁴²
987 4050 1180 4105 Aa1sroranrrs

62 4117 127 4171 Eth.
154 4115 311 4171 Nicomach.
329 4115 388 4170 Vll.
408 4121 430 4169 1.
457 4116 562 4180 (Versio
587 4122 687 4181 uetust:
718 4116 963 4183 „Quemadmodum
988 4117 1121 4172 Homerus
1148 4118 1181 4173 de

62 4185 180 4240 Hectore
197 4183 263 4239 fecit
280 4183 413 4238 dicentem
422 4184 557 4239 Priamum
575 4185 700 4255 quoniam
716 4184 794 4240 ualde
813 4191 871 4240 erat
887 4185 983 4252 bonus,
1003 4201 1090 4266 neque
1108 4185 1179 4242 vide-

62 4252 144 4308 batur
161 4251 218 4307 viri·
228 4253 349 4309 mortalis
368 4268 435 4321 puer
452 4253 575 4321 existere,
594 4253 643 4308 sed
659 4253 737 4308 Dei.“
807 4255 830 4287 ⁴⁷
848 4255 959 4309 umam.
974 4255 1073 4310 Aenem
1087 4255 1135 4310 III.
1156 4259 1179 4310 t.
